@article{perrin2003gene,
  title={Gene networks inference using dynamic Bayesian networks},
  author={Perrin, Bruno-Edouard and Ralaivola, Liva and Mazurie, Aurelien and Bottani, Samuele and Mallet, Jacques and dâ€™Alche--Buc, Florence},
  journal={Bioinformatics},
  volume={19},
  number={suppl 2},
  pages={ii138--ii148},
  year={2003},
  publisher={Oxford Univ Press}
}

@inproceedings{dalalyan2009l_1,
  title={$ L\_1 $-Penalized Robust Estimation for a Class of Inverse Problems Arising in Multiview Geometry},
  author={Dalalyan, A. and Keriven, R.},
  booktitle={Advances in Neural Information Processing Systems (NIPS)},
  pages={441--449},
  year={2009}
}

@article{comminges2012tight,
  title={Tight conditions for consistency of variable selection in the context of high dimensionality},
  author={Comminges, L. and Dalalyan, A.},
  JOURNAL =	 {Ann. Stat.},
  FJOURNAL =	 {The Annals of Statistics},
  volume={40},
  number={5},
  pages={2667--2696},
  year={2012},
  publisher={Institute of Mathematical Statistics}
}

@inproceedings{dalalyan2012fused,
  title={Fused sparsity and robust estimation for linear models with unknown variance},
  author={Dalalyan, A. and Chen, Y.},
  booktitle={Advances in Neural Information Processing Systems (NIPS)},
  pages={1259--1267},
  year={2012}
}

@Article{1970_TM_Hoerl,
  author =	 {Hoerl, A. and Kennard, R.W.},
  TITLE =	 {Ridge Regression: Applications to Nonorthogonal
                  Problems},
  FJOURNAL =	 {Technometrics},
  JOURNAL =	 {Technometrics},
  YEAR =	 1970,
  VOLUME =	 12,
  NUMBER =	 1,
  PAGES =	 {55--67},
}

@ARTICLE{1972_Biometrics_Dempster,
  AUTHOR =	 {Dempster, A.P.},
  TITLE =	 {Covariance selection},
  JOURNAL =	 {Biometrics, {S}pecial {M}ultivariate {I}ssue},
  FJOURNAL =	 {Biometrics. JOURNAL of the Biometric Society},
  YEAR =	 1972,
  VOLUME =	 28,
  PAGES =	 {157--175},
}

@article {1977_JRSSB_Dempster,
  AUTHOR =	 {Dempster, A. P. and Laird, N. M. and Rubin, D. B.},
  TITLE =	 {Maximum likelihood from incomplete data via the {EM}
                  algorithm},
  NOTE =	 {With discussion},
  JOURNAL =	 {J. R. Statist. Soc. B},
  FJOURNAL =	 {Journal of the Royal Statistical Society: Series B},
  VOLUME =	 39,
  YEAR =	 1977,
  NUMBER =	 1,
  PAGES =	 {1--38},
  ISSN =	 {0035-9246},
  MRCLASS =	 {62F10},
  MRNUMBER =	 0501537,
  MRREVIEWER =	 {Rolf Sundberg},
}

@ARTICLE{1978_AS_Schwarz,
  AUTHOR =	 {Schwarz, G.},
  TITLE =	 {Estimating the Dimension of a Model},
  JOURNAL =	 {Ann. Stat.},
  FJOURNAL =	 {The Annals of Statistics},
  YEAR =	 1978,
  VOLUME =	 6,
  PAGES =	 {461-464},
  NUMBER =	 2
}

@Article{1981_AS_Stein,
  AUTHOR =	 {Stein, C.},
  TITLE =	 {Estimation of the mean of a multivariate normal
                  distribution},
  JOURNAL =	 {Ann. Stat.},
  FJOURNAL =	 {The Annals of Statistics},
  YEAR =	 1981,
  VOLUME =	 9,
  PAGES =	 {1135--1151)},
}

@book{1986_book_Minoux,
  AUTHOR =	 "Minoux, M.",
  TITLE =	 "{Mathematical programming. Theory and algorithms.}",
  language =	 "English",
  publisher =	 "{John Wiley and Sons}",
  YEAR =	 1986,
}

@ARTICLE{1989_JASA_Friedman,
  AUTHOR =	 {Friedman, J.H.},
  TITLE =	 {Regularized Discriminant Analysis},
  JOURNAL =	 {J. Amer. Statist. Assoc.},
  FJOURNAL =	 {Journal of the {A}merican {S}tatistical {A}ssociation},
  YEAR =	 1989,
  VOLUME =	 84,
  PAGES =	 {165--175},
  NUMBER =	 405
}

@Article{1993IEEEmallat,
  author =	 {Mallat, S.G. and Zhang, Z.},
  title =	 {Matching Pursuits with Time-Frequency Dictionaries},
  journal =	 {{IEEE} Transactions on Signal Processing},
  year =	 1993,
  pages =	 {3397--3415},
}

@Article{1993Pati,
  author =	 {Pati, Y. and Rezaiifar, Y. and Krishnaprasad, P.},
  title =	 {Orthogonal Matching Pursuit : recursive function
                  approximation with application to wavelet
                  decomposition},
  journal =	 {Asilomar Conf. on Signals, Systems and Comput.},
  year =	 1993,
}

@article {1995_JASA_Donoho,
  AUTHOR =	 {Donoho, D.L. and Johnstone, I.M.},
  TITLE =	 {Adapting to unknown smoothness via wavelet
                  shrinkage},
  JOURNAL =	 {J. Amer. Statist. Assoc.},
  FJOURNAL =	 {Journal of the {A}merican {S}tatistical {A}ssociation},
  VOLUME =	 90,
  YEAR =	 1995,
  NUMBER =	 432,
  PAGES =	 {1200--1224},
  MRCLASS =	 {62G05},
  MRNUMBER =	 1379464,
}

@ARTICLE{1995_T_Breiman,
  AUTHOR =	 {Breiman, L.},
  TITLE =	 {Better Subset Regression Using the Nonnegative
                  Garrote},
  FJOURNAL =	 {Technometrics},
  JOURNAL =	 {Technometrics},
  YEAR =	 1995,
  VOLUME =	 37,
  PAGES =	 {373--384},
  NUMBER =	 4,
  timestamp =	 {2012.01.19}
}

@ARTICLE{1996_AS_Breiman,
  AUTHOR =	 {Breiman, L.},
  TITLE =	 {Heuristics of instability and stabilization in model
                  selection},
  JOURNAL =	 {The {A}nnals of {S}tatistics},
  YEAR =	 1996,
  VOLUME =	 24,
  PAGES =	 {2350--2383},
  NUMBER =	 6,
  timestamp =	 {2012.01.19}
}

@Book{1996_Book_Lauritzen,
  AUTHOR =	 {Lauritzen, S.L.},
  TITLE =	 {Graphical models},
  SERIES =	 {Oxford Statistical Science Series},
  VOLUME =	 17,
  NOTE =	 {Oxford Science Publications},
  PUBLISHER =	 {Clarendon Press},
  ADDRESS =	 {New York},
  YEAR =	 1996,
  PAGES =	 {x+298},
  MRCLASS =	 {62-01 (05C90 60J99 62H05 62H10 62H17 68T30)},
  MRNUMBER =	 1419991,
  MRREVIEWER =	 {M. Studen{\'y}},
}

@Article{1996_JRSS_Tibshirani,
  AUTHOR =	 {Tibshirani, R.},
  TITLE =	 {Regression shrinkage and selection via the lasso},
  JOURNAL =	 {J. R. Statist. Soc. B},
  FJOURNAL =	 {Journal of the Royal Statistical Society: Series B},
  VOLUME =	 58,
  YEAR =	 1996,
  NUMBER =	 1,
  PAGES =	 {267--288},
  MRCLASS =	 {62J05 (62J07)},
  MRNUMBER =	 1379242,
}

@Book{1998_CUP_Vaart,
  AUTHOR =	 {Van der Vaart, A.W.},
  TITLE =	 {Asymptotic Statistics},
  YEAR =	 1998,
  publisher =	 {Cambridge University Press}
}

@Article{1998_JCGS_Fu,
  AUTHOR =	 {Fu, W.J.},
  TITLE =	 {Penalized regressions: the Bridge versus the Lasso},
  JOURNAL =	 {J. Comput. Graph. Statist.},
  FJOURNAL =	 {Journal of Computational and Graphical Statistics},
  YEAR =	 1998,
  VOLUME =	 7,
  NUMBER =	 3,
  PAGES =	 {397--416},
}

@Article{1998_JRSS_brown,
  AUTHOR =	 {Brown, P.J. and Vannucci, M. and Fearn, T.},
  TITLE =	 {Multivariate {B}ayesian variable selection and
                  prediction},
  JOURNAL =	 {J. R. Statist. Soc. B},
  FJOURNAL =	 {Journal of the Royal Statistical Society: Series B},
  YEAR =	 1998,
  VOLUME =	 60,
  NUMBER =	 3,
  PAGES =	 {627--641},
}

@ARTICLE{1998_MBC_Spellman,
  AUTHOR =	 {Spellman, P.T. and Sherlock, G. and Zhang, M.Q. and
                  Iyer, V.R. and Eisen, M.B. and Braow, P. and
                  Botstein, D. and Futcher, B.},
  TITLE =	 {Comprehensive Identification of Cell Cycle-regulated
                  Genes of the Yeast {S}accharomyces cerevisiae by
                  Microarray Hybridization},
  JOURNAL =	 {Molecular Biology of the cell},
  YEAR =	 1998,
  VOLUME =	 9,
  PAGES =	 {3273-3297},
  timestamp =	 {2012.01.19}
}

@InProceedings{1998_NIPS_Grandvalet,
  AUTHOR =	 {Grandvalet, Y. and Canu, S.},
  TITLE =	 {Outcomes of the equivalence of adaptive ridge with
                  least absolute shrinkage},
  bookTITLE =	 {Advances in Neural Information Processing Systems
                  (NIPS)},
  PAGES =	 {445--451},
  YEAR =	 1999,
}

@article{1998_PNAS_Eisen,
  AUTHOR =	 {Eisen, M. B. and Spellman, P. T. and Brown,
                  P. O. and Botstein, D.},
  TITLE =	 {Cluster analysis and display of genome-wide
                  expression patterns},
  JOURNAL =	 {Proc. Natl. Acad. Sci.},
  YEAR =	 1998,
  VOLUME =	 95,
  NUMBER =	 25,
  PAGES =	 {14863-8.},
}

@Article{1998_SIAM_chen,
  AUTHOR =	 {Chen, S. and Donoho, D. and Saunders, M.},
  TITLE =	 {Atomic Decomposition by Basis Pursuit},
  JOURNAL =	 {SIAM Journal on Scientific Computing},
  VOLUME =	 20,
  NUMBER =	 1,
  PAGES =	 {33--61},
  YEAR =	 1998,
}

@PhdThesis{1999_thesis_Bakin,
  AUTHOR =	 {Bakin, S.},
  TITLE =	 {Adaptive regression and model selection in data
                  mining problems},
  school =	 {Australian National University, Canberra},
  YEAR =	 1999,
}

@article {2000_AoS_Fu,
  AUTHOR =	 {Knight, K. and Fu, W.},
  TITLE =	 {Asymptotics for lasso-type estimators},
  JOURNAL =	 {Ann. Statist.},
  FJOURNAL =	 {The Annals of Statistics},
  VOLUME =	 28,
  YEAR =	 2000,
  NUMBER =	 5,
  PAGES =	 {1356--1378},
  MRCLASS =	 {62J07 (60F05 62E20 62J05)},
  MRNUMBER =	 1805787,
}

@InBook{2000_Book_Jaakkola,
  AUTHOR =	 {Jaakkola, T.},
  TITLE =	 {Advanced mean field methods: theory and practice},
  Chapter =	 {Tutorial on variational approximation methods},
  SERIES =	 {Neural Information Processing Series},
  PUBLISHER =	 {MIT Press},
  ADDRESS =	 {Cambridge, MA},
  YEAR =	 2001,
  MRCLASS =	 {82-06},
  MRNUMBER =	 {MR1863214 (2002d:82001)},
}

@ARTICLE{2000_IEEEPAMI_Biernacki,
  AUTHOR =	 {Biernacki, C. and Celeux, G. and Govaert, G.},
  TITLE =	 {Assessing a mixture model for clustering with the
                  integrated completed likelihood},
  JOURNAL =	 {Pattern {A}nalysis and {M}achine {I}ntelligence,
                  {IEEE} {T}ransactions on},
  YEAR =	 2000,
  VOLUME =	 22,
  PAGES =	 {719-725},
  NUMBER =	 7
}

@Article{2000_JCGS_Osborne,
  AUTHOR =	 {Osborne, M.R. and Presnell, B. and Turlach, B.A.},
  TITLE =	 {On the {LASSO} and its dual},
  JOURNAL =	 {J. Comput. Graph. Statist.},
  FJournal =	 {Journal of Computational and Graphical Statistics},
  VOLUME =	 9,
  YEAR =	 2000,
  NUMBER =	 2,
  PAGES =	 {319--337},
  MRCLASS =	 {62J05 (62F35)},
  MRNUMBER =	 1822089,
}

@article {2000_JNA_Osborne,
  AUTHOR =	 {Osborne, M.R. and Presnell, B. and Turlach, B.A.},
  TITLE =	 {A new approach to variable selection in least
                  squares problems},
  JOURNAL =	 {IMA J. Numer. Anal.},
  FJOURNAL =	 {IMA Journal of Numerical Analysis},
  VOLUME =	 20,
  YEAR =	 2000,
  NUMBER =	 3,
  PAGES =	 {389--403},
  MRCLASS =	 {65F30 (65H20 65K05)},
  MRNUMBER =	 1773265,
}

@article{2001_JASA_fan,
  AUTHOR =	 {Fan, J. and Li, R.},
  JOURNAL =	 {JASA},
  JOURNAL =	 {J. Amer. Statist. Assoc.},
  FJOURNAL =	 {Journal of the {A}merican {S}tatistical {A}ssociation},
  NUMBER =	 456,
  PAGES =	 {1348--1360},
  TITLE =	 {{Variable Selection via Nonconcave Penalized
                  Likelihood and Its Oracle Properties}},
  VOLUME =	 96,
  YEAR =	 2001
}

@article {2001_JOTA_Tseng,
  AUTHOR =	 {Tseng, P.},
  TITLE =	 {Convergence of a block coordinate descent method for
                  nondifferentiable minimization},
  JOURNAL =	 {J. Optim. Theory Appl.},
  FJOURNAL =	 {Journal of Optimization Theory and Applications},
  VOLUME =	 109,
  YEAR =	 2001,
  NUMBER =	 3,
  PAGES =	 {475--494},
  MRCLASS =	 {90C30 (90C26)},
  MRNUMBER =	 {1835069 (2002b:90079)},
}

@article {2001_SIAM_Chen,
  AUTHOR =	 {Chen, S.S. and Donoho, D.L. and Saunders, M.A.},
  TITLE =	 {Atomic decomposition by basis pursuit},
  NOTE =	 {Reprinted from SIAM J.\ Sci.\ Comput.\ {\bf 20}
                  (1998), no.\ 1, 33--61 (electronic) [ MR1639094
                  (99h:94013)]},
  JOURNAL =	 {SIAM Rev.},
  FJOURNAL =	 {SIAM Review},
  VOLUME =	 43,
  YEAR =	 2001,
  NUMBER =	 1,
  PAGES =	 {129--159 (electronic)},
  ISSN =	 {0036-1445},
  MRCLASS =	 {94A12 (41A30 65D15)},
  MRNUMBER =	 1854649,
}

@Book{2001_book_Hastie,
  AUTHOR =	 {Hastie, T. and Tibshirani, R. and Friedman, J.},
  TITLE =	 {The Elements of Statistical Learning},
  publisher =	 {Springer},
  YEAR =	 2001,
}

@ARTICLE{2002_NatureGen_Ihmels,
  author =	 {Ihmels, J. and Friedlander, G. and Bergmann, S. and
                  Sarig, O. and Ziv, Y. and Barkai, N.},
  title =	 {Revealing modular organization in the yeast
                  transcriptional network},
  journal =	 {Nature {G}enetics},
  year =	 2002,
  volume =	 31,
  pages =	 {370-377},
  number =	 4
}

@ARTICLE{2002_PNAS_Ronen,
  AUTHOR =	 {Ronen, M. and Rosenberg, R. and Shraiman, B. and
                  Alon, U.},
  TITLE =	 {Assigning NUMBERes to the arrows: parametrizing a
                  gene regulation network by using accurate expression
                  kinetics},
  JOURNAL =	 {PNAS},
  YEAR =	 2002,
  VOLUME =	 99,
  PAGES =	 {10555--10560},
  NUMBER =	 16,
  owner =	 {ccharbonnier},
  timestamp =	 {2012.01.19}
}

@ARTICLE{2002_Toh,
  AUTHOR =	 {Toh, H. and Horimoto, K.},
  TITLE =	 {Inference of a genetic network by a combined
                  approach of cluster analysis and graphical
                  {G}aussian modeling},
  JOURNAL =	 {Bioinformatics},
  YEAR =	 2002,
  VOLUME =	 18,
  PAGES =	 {287--297}
}

@InProceedings{2002_proc_Ng,
  AUTHOR =	 {Ng, A.Y.  and Jordan, M.  and Weiss, Y.},
  TITLE =	 {On Spectral Clustering: Analysis and an algorithm},
  bookTITLE =	 {NIPS 14},
  YEAR =	 2002
}

@Article{2004_AS_Efron,
  AUTHOR =	 {Efron, B. and Hastie, T. and Johnstone,
                  I. and Tibshirani, R.},
  TITLE =	 {Least angle regression},
  NOTE =	 {With discussion, and a rejoinder by the authors},
  JOURNAL =	 {Ann. Statist.},
  FJOURNAL =	 {The Annals of Statistics},
  VOLUME =	 32,
  YEAR =	 2004,
  NUMBER =	 2,
  PAGES =	 {407--499},
  MRCLASS =	 {62J07},
  MRNUMBER =	 2060166,
}

@Article{2004_JASA_Efron,
  AUTHOR =	 {Efron, B.},
  TITLE =	 {The estimation of prediction error: Covariance
                  penalties and cross-validation (with discussion)},
  JOURNAL =	 {J. Amer. Statist. Assoc.},
  FJOURNAL =	 {Journal of the American Statistical Association},
  YEAR =	 2004,
  VOLUME =	 99,
  PAGES =	 {619--642},
}

@article {2004_JMVA_Dobra,
  AUTHOR =	 {Dobra, A. and Hans, C. and Jones, B. and
                  Nevins, J. R. and Yao, G. and West, M.},
  TITLE =	 {Sparse graphical models for exploring gene
                  expression data},
  JOURNAL =	 {J. Multivariate Anal.},
  FJOURNAL =	 {Journal of Multivariate Analysis},
  VOLUME =	 90,
  YEAR =	 2004,
  NUMBER =	 1,
  PAGES =	 {196--212},
  MRCLASS =	 {62P10 (62-09 62D05 62F15)},
  MRNUMBER =	 2064941,
}

@ARTICLE{2005_JRSSB_tibshirani,
  AUTHOR =	 {Tibshirani, R. and Saunders, M. and Rosset, S. and
                  Zhu, J. and Knight, K.},
  TITLE =	 {Sparsity and smoothness via the fused lasso},
  JOURNAL =	 {J. R. Statist. Soc. B},
  FJOURNAL =	 {Journal of the Royal Statistical Society: Series B},
  YEAR =	 2005,
  VOLUME =	 67,
  PAGES =	 {91--108}
}

@article {2005_JRSS_Zou,
  AUTHOR =	 {Zou, H. and Hastie, T.},
  TITLE =	 {Regularization and variable selection via the
                  elastic net},
  JOURNAL =	 {J. R. Statist. Soc. B},
  FJOURNAL =	 {Journal of the Royal Statistical Society: Series B},
  VOLUME =	 67,
  YEAR =	 2005,
  NUMBER =	 2,
  PAGES =	 {301--320},
  MRCLASS =	 {62M20},
  MRNUMBER =	 2137327
}

@Article{2005_SAGMB_Schafer,
  AUTHOR =	 {Sch{\"a}fer, J. and Strimmer, K.},
  TITLE =	 {A Shrinkage Approach to Large-Scale Covariance
                  Matrix Estimation and Implications for Functional
                  Genomics},
  JOURNAL =	 {Stat. Appl. Genet. Mol. Biol.},
  FJOURNAL =	 {Statistical Applications in Genetics and Molecular
                  Biology},
  YEAR =	 2005,
  key =		 32,
  VOLUME =	 4,
  NUMBER =	 1,
}

@article {2005_SS_Dobra,
  AUTHOR =	 {Jones, B. and Carvalho, C. and Dobra, A. and Hans,
                  C. and Carter, C. and West, M.},
  TITLE =	 {Experiments in stochastic computation for
                  high-dimensional graphical models},
  JOURNAL =	 {Statist. Sci.},
  FJOURNAL =	 {Statistical Science. A Review Journal of the
                  Institute of Mathematical Statistics},
  VOLUME =	 20,
  YEAR =	 2005,
  NUMBER =	 4,
  PAGES =	 {388--400},
  MRCLASS =	 {62-09 (62C10 62J10)},
  MRNUMBER =	 2210226,
}

@ARTICLE{2005_Science_Sachs,
  AUTHOR =	 {Sachs, K. and Perez, O. and Pe'er, D. and
                  Lauffenburger, D.A. and Nolan, G.P.},
  TITLE =	 {Causal Protein-Signaling Networks Derived from
                  Multiparameter Single-Cell Data},
  JOURNAL =	 {Science},
  YEAR =	 2005,
  VOLUME =	 308,
  PAGES =	 {523--529}
}

@Article{2006_AS_Meinshausen,
  AUTHOR =	 {Meinshausen, N. and B{\"u}hlmann, P.},
  TITLE =	 {High-dimensional graphs and variable selection with
                  the lasso},
  JOURNAL =	 {Ann. Statist.},
  FJOURNAL =	 {The Annals of Statistics},
  VOLUME =	 34,
  YEAR =	 2006,
  NUMBER =	 3,
  PAGES =	 {1436--1462},
  MRCLASS =	 {62J07 (62F12 62H20)},
  MRNUMBER =	 2278363,
}

@ARTICLE{2006_BS_Park,
  AUTHOR =	 {Park, M.Y. and Hastie, T. and Tibshirani, R.},
  TITLE =	 {Averaged gene expressions for regression},
  JOURNAL =	 {Biostatistics},
  YEAR =	 2006,
  VOLUME =	 8,
  PAGES =	 {212-227},
  NUMBER =	 2,
  owner =	 {ccharbonnier},
  timestamp =	 {2012.01.19}
}

@BOOK{2006_CO_Boyd,
  TITLE =	 {Convex Optimization},
  publisher =	 {Cambridge {U}niversity {P}ress},
  YEAR =	 2006,
  AUTHOR =	 {Boyd, S. and Vandenberghe, L.},
  edition =	 {third},
}

@ARTICLE{2006_IEEE_Donoho,
  author =	 {Donoho, D. and Elad, M. and Temlyakov, V.},
  title =	 {Stable recovery of sparse overcomplete
                  representations in the presence of noise},
  journal =	 {IEEE Transactions on Information Theory},
  year =	 2006,
  volume =	 52,
  pages =	 {6-18}
}

@ARTICLE{2006_IEEE_Tropp,
  author =	 {Tropp, J.},
  title =	 {Just relax: Convex programming methods for
                  identifying sparse signals in noise},
  journal =	 {IEEE Transactions on Information Theory},
  year =	 2006,
  volume =	 52,
  pages =	 {1030-1051}
}

@Article{2006_JASA_Zou,
  AUTHOR =	 {Zou, H.},
  TITLE =	 {The adaptive lasso and its oracle properties},
  JOURNAL =	 {J. Amer. Statist. Assoc.},
  FJOURNAL =	 {Journal of the American Statistical Association},
  VOLUME =	 101,
  YEAR =	 2006,
  NUMBER =	 476,
  PAGES =	 {1418--1429},
  MRCLASS =	 {62F07 (62F12 62F35 62J02 62J12)},
  MRNUMBER =	 2279469,
}

@ARTICLE{2006_JCO_Hess,
  AUTHOR =	 {Hess, K.R. and Anderson, K. and Symmans, W.F. and
                  Valero, V. and Ibrahim, N. and Mejia, J.A. and
                  Booser, D. and Theriault, R.L. and Buzdar, U. and
                  Dempsey, P.J. and Rouzier, R. and Sneige, N. and
                  Ross, J.S. and Vidaurre, T. and G{\'o}mez, H.L. and
                  Hortobagyi, G.N. and Pustzai, L.},
  TITLE =	 {Pharmacogenomic predictor of sensitivity to
                  preoperative chemotherapy with {P}aclitaxel and
                  {F}luorouracil, {D}oxorubicin, and
                  {C}yclophosphamide in breast cancer},
  JOURNAL =	 {Journal of {C}linical {O}ncology},
  YEAR =	 2006,
  VOLUME =	 24,
  PAGES =	 {4236--4244},
  NUMBER =	 26,
}

@Article{2006_JMLR_Castelo,
  AUTHOR =	 {Castelo, R. and Roverato, A.},
  TITLE =	 {A robust procedure for {G}aussian graphical model
                  search from microarray data with $p$ larger than
                  $n$},
  JOURNAL =	 {J. Mach. Learn. Res.},
  FJOURNAL =	 {The Journal of Machine Learning Research},
  YEAR =	 2006,
  VOLUME =	 7,
  PAGES =	 {2621-2650},
}

@ARTICLE{2006_JMLR_Zhao,
  AUTHOR =	 {Zhao, P. and Yu, B.},
  TITLE =	 {On model selection consistency of {L}asso},
  JOURNAL =	 {J. Mach. Learn. Res.},
  FJOURNAL =	 {The Journal of Machine Learning Research},
  YEAR =	 2006,
  VOLUME =	 7,
  PAGES =	 {2541-2563},
  timestamp =	 {2012.01.19}
}

@article {2006_JRSS_Yuan,
  AUTHOR =	 {Yuan, M. and Lin, Y.},
  TITLE =	 {Model selection and estimation in regression with
                  grouped variables},
  JOURNAL =	 {J. R. Statist. Soc. B},
  FJOURNAL =	 {Journal of the Royal Statistical Society: Series B},
  VOLUME =	 68,
  YEAR =	 2006,
  NUMBER =	 1,
  PAGES =	 {49--67},
  MRCLASS =	 {62H25 (62M20)},
  MRNUMBER =	 2212574,
}

@Article{2006_SAGMB_Wille,
  AUTHOR =	 {Wille, A. and B{\"u}hlmann, P.},
  TITLE =	 {Low-Order Conditional Independence Graphs for
                  Inferring Genetic Networks},
  JOURNAL =	 {Stat. Appl. Genet. Mol. Biol.},
  FJOURNAL =	 {Statistical Applications in Genetics and Molecular
                  Biology},
  YEAR =	 2006,
  key =		 1,
  VOLUME =	 5,
  NUMBER =	 1,
}

@ARTICLE{2006_SS_Kim,
  AUTHOR =	 {Kim, Y. and Kim, J. and Kim, Y.},
  TITLE =	 {Blockwise sparse regression},
  Journal =	 {Statistica {S}inica},
  YEAR =	 2006,
  VOLUME =	 16,
  PAGES =	 {375--390}
}

@article{2007_AAS_Friedman,
  AUTHOR =	 {Friedman, J. and Hastie, T. and H\"ofling, H. and
                  Tibshirani, R.},
  TITLE =	 {Pathwise coordinate optimization},
  JOURNAL =	 {Ann. Appl. Stat.},
  FJOURNAL =	 {The Annals of Applied Statistics},
  YEAR =	 2007,
  VOLUME =	 1,
  NUMBER =	 2,
  PAGES =	 {302--332},
}

@Article{2007_AS_Zou,
  AUTHOR =	 {Zou, H. and Hastie, T. and Tibshirani, R.},
  TITLE =	 {On the "degrees of freedom" of the Lasso},
  JOURNAL =	 {Ann. Stat.},
  FJOURNAL =	 {The Annals of Statistics},
  YEAR =	 2007,
  VOLUME =	 35,
  NUMBER =	 5,
  PAGES =	 {2173--2192},
}

@article{2007_AS_candes,
  AUTHOR =	 {Candes, E. and Tao, T.},
  JOURNAL =	 {Ann. Stat.},
  FJOURNAL =	 {The Annals of Statistics},
  NUMBER =	 6,
  PAGES =	 {2313--2351},
  TITLE =	 {{The Dantzig selector: Statistical estimation when p
                  is much larger than n}},
  VOLUME =	 35,
  YEAR =	 2007
}

@Article{2007_AS_rosset,
  AUTHOR =	 {Rosset, S. and Zhu, J.},
  TITLE =	 {Piecewise linear regularized solution paths},
  JOURNAL =	 {Ann. Statist.},
  FJOURNAL =	 {The Annals of Statistics},
  YEAR =	 2007,
  VOLUME =	 35,
  NUMBER =	 3,
  PAGES =	 {1012--1030},
}

@Article{2007_BF_Rapaport,
  AUTHOR =	 {Rapaport, F. and Zinovyev, A. and Dutreix, M.  and
                  Barillot, E.  and Vert, J.-P. },
  TITLE =	 {Classification of microarray data using gene
                  networks},
  JOURNAL =	 {BMC Bioinformatics},
  YEAR =	 2007,
  VOLUME =	 8,
  NUMBER =	 35,
}

@article{2007_BMC_Ma,
  AUTHOR =	 {Ma, S. and Song, X. and Huang, J},
  TITLE =	 {Supervised group Lasso with applications to
                  microarray data analysis},
  JOURNAL =	 {BMC Bioinformatics},
  YEAR =	 2007,
  VOLUME =	 8,
  NUMBER =	 60
}

@ARTICLE{2007_BMC_Opgen,
  AUTHOR =	 {Opgen-Rhein, R. and Strimmer, K.},
  TITLE =	 {Learning causal networks from systems biology time
                  course data: an effective model selection procedure
                  for the vector autoregressive model},
  JOURNAL =	 {BMC Bioinformatics},
  YEAR =	 2007,
  VOLUME =	 8
}

@article{2007_BS_Friedman,
  AUTHOR =	 {Friedman, J. and Hastie, T. and Tibshirani, R.},
  TITLE =	 {Sparse inverse covariance estimation with the
                  graphical lasso},
  JOURNAL =	 {Biostatistics},
  YEAR =	 2008,
  VOLUME =	 9,
  NUMBER =	 3,
  PAGES =	 {432-441},
}

@article {2007_Biometrika_Yuan,
  AUTHOR =	 {Yuan, M. and Lin, Y.},
  TITLE =	 {Model selection and estimation in the {G}aussian
                  graphical model},
  JOURNAL =	 {Biometrika},
  FJOURNAL =	 {Biometrika},
  VOLUME =	 94,
  YEAR =	 2007,
  NUMBER =	 1,
  PAGES =	 {19--35},
  MRNUMBER =	 2367824,
}

@Article{2007_JMLR_Kalisch,
  AUTHOR =	 {Kalisch, M. and B{\"u}hlmann, P.},
  TITLE =	 {Estimating High-Dimensional Directed Acyclic Graphs
                  with the PC-Algorithm},
  JOURNAL =	 {J. Mach. Learn. Res.},
  FJOURNAL =	 {The Journal of Machine Learning Research},
  VOLUME =	 8,
  YEAR =	 2007,
  PAGES =	 {613--636},
  month =	 {Mar},
}

@article{2007_JRSS_Yuan,
  AUTHOR =	 {Yuan, M. and Lin, Y.},
  TITLE =	 {On the non-negative garrotte estimator},
  JOURNAL =	 {J. R. Statist. Soc. B},
  FJOURNAL =	 {Journal of the Royal Statistical Society: Series B
                  (Statistical Methodology)},
  VOLUME =	 69,
  NUMBER =	 2,
  YEAR =	 2007,
  PAGES =	 {143--161}
}

@ARTICLE{2007_SS_drton,
  AUTHOR =	 {Drton, M. and Perlman, M.D.},
  TITLE =	 {Multiple Testing and Error Control in {G}aussian
                  Graphical Model Selection},
  JOURNAL =	 {Statistical {S}cience},
  YEAR =	 2007,
  VOLUME =	 22,
  PAGES =	 430,
  FJOURNAL =	 {Statistical Science. A Review Journal of the
                  Institute of Mathematical Statistics}
}

@Article{2008_AAS_Wu,
  AUTHOR =	 {Wu, T.T. and Lange, K.},
  TITLE =	 {Coordinate descent algorithms for lasso penalized
                  regression},
  FJOURNAL =	 {The Annals of Applied Statistics},
  JOURNAL =	 {Ann. Appl. Stat.},
  YEAR =	 2008,
  VOLUME =	 2,
  NUMBER =	 1,
  PAGES =	 {224-244},
}

@Article{2008_BMC_Natowicz,
  AUTHOR =	 {Natowicz, R. and Incitti, R. and Horta, E.G. and
                  Charles, B. and Guinot, P. and Yan, K. and Coutant,
                  C. and Andr\'e, F. and Pusztai, L. Rouzier, R.},
  TITLE =	 {Prediction of the outcome of a preoperative
                  chemotherapy in breast cancer using {DNA} probes that
                  provide information on both complete and incomplete
                  response},
  JOURNAL =	 {BMC Bioinformatics},
  YEAR =	 2008,
  VOLUME =	 9,
  NUMBER =	 149,
}

@INPROCEEDINGS{2008_COLT_Zhou,
  AUTHOR =	 {Zhou, S. and Lafferty, L. and Wasserman, L.},
  TITLE =	 {Time varying undirected graphs},
  bookTITLE =	 {Conference On Learning Theory},
  YEAR =	 2008,
  editor =	 {Rocco, A. and Tong Zhang},
  PAGES =	 {455--466},
  publisher =	 {Omnipress}
}

@article{2008_Chen,
  journal =	 {Biometrika},
  year =	 2008,
  volume =	 95,
  pages =	 {759-771},
  title =	 {Extended {B}ayesian information criteria for model
                  selection with large model spaces},
  author =	 {Chen, J. and Chen, Z.}
}

@Article{2008_EJS_Nardi,
  AUTHOR =	 {Nardi, Y. and Rinaldo, A.},
  TITLE =	 {On the asymptotic properties of the group lasso
                  estimator for linear models},
  JOURNAL =	 {Electronic Journal of Statistics},
  YEAR =	 2008,
  VOLUME =	 2,
  PAGES =	 {605--633},
}

@INPROCEEDINGS{2008_ICML_Roth,
  AUTHOR =	 {Roth, V. and Fischer, B.},
  TITLE =	 {The group-{Lasso} for Generalized Linear Models:
                  Uniqueness of Solutions and Efficient Algorithms},
  bookTITLE =	 {ICML '08: Proceedings of the 25th international
                  conference on Machine Learning},
  YEAR =	 2008,
  PAGES =	 {848--855},
  timestamp =	 {2012.01.19}
}

@Article{2008_JASA_Park,
  AUTHOR =	 {Park, T. and Casella, G.},
  TITLE =	 {The {B}ayesian Lasso},
  JOURNAL =	 {J. Amer. Statist. Assoc.},
  FJOURNAL =	 {Journal of the American Statistical Association},
  YEAR =	 2008,
  VOLUME =	 103,
  NUMBER =	 482,
  PAGES =	 {681--686},
}

@ARTICLE{2008_JMLR_Airoldi,
  AUTHOR =	 {Airoldi, E. M. and Blei, D. M. and Fienberg,
                  S. E. and Xing, E. P.},
  TITLE =	 {Mixed membership stochastic blockmodels},
  JOURNAL =	 {JOURNAL of {M}achine {L}earning {R}esearch},
  YEAR =	 2008,
  VOLUME =	 9,
  PAGES =	 {1981-2014}
}

@Article{2008_JMLR_Bach,
  AUTHOR =	 {Bach, F.},
  TITLE =	 {Consistency of the group lasso and multiple kernel
                  learning},
  JOURNAL =	 {J. Mach. Learn. Res.},
  FJOURNAL =	 {The Journal of Machine Learning Research},
  YEAR =	 2008,
  VOLUME =	 9,
  PAGES =	 {1179--1225},
}

@Article{2008_JMLR_Banerjee,
  AUTHOR =	 {Banerjee, O. and {El Ghaoui}, L. and d'Aspremont,
                  A.},
  TITLE =	 {Model selection through sparse maximum likelihood
                  estimation for multivariate {G}aussian or binary
                  data},
  JOURNAL =	 {J. Mach. Learn. Res.},
  FJOURNAL =	 {The Journal of Machine Learning Research (JMLR)},
  VOLUME =	 9,
  PAGES =	 {485-516},
  YEAR =	 2008,
}

@ARTICLE{2008_JRSS_Meier,
  AUTHOR =	 {Meier, L. and Van De Geer, S. and B{\"u}hlmann, P.},
  TITLE =	 {The group {L}asso for logistic regression},
  JOURNAL =	 {Journal of the {R}oyal {S}tatistical {S}ociety,
                  {S}eries {B}},
  YEAR =	 2008,
  VOLUME =	 70,
  PAGES =	 {53--71},
  owner =	 {ccharbonnier},
  timestamp =	 {2012.01.19}
}

@ARTICLE{2008_JSPI_drton,
  AUTHOR =	 {Drton, M. and Perlman, M.D.},
  TITLE =	 {A {SIN}ful approach to {G}aussian graphical model
                  selection},
  JOURNAL =	 {J. Statist. Plann. Inference},
  FJOURNAL =	 {Journal of Statistical Planning and Inference},
  VOLUME =	 138,
  NUMBER =	 4,
  PAGES =	 {1179-1200},
  YEAR =	 2008
}

@Article{2008_SAGM_Villers,
  AUTHOR =	 {Villers, F. and Schaeffer, B. and Bertin, C. and
                  Huet, S.},
  TITLE =	 {Assessing the Validity Domains of Graphical
                  {G}aussian Models in Order to Infer Relationships
                  among Components of Complex Biological Systems},
  JOURNAL =	 {Stat. Appl. Genet. Mol. Biol.},
  FJOURNAL =	 {Statistical Applications in Genetics and Molecular
                  Biology},
  YEAR =	 2008,
  VOLUME =	 7,
  NUMBER =	 2,
}

@ARTICLE{2008_SC_Daudin,
  AUTHOR =	 {Daudin, J.-J. and Picard, F. and Robin, S.},
  TITLE =	 {A mixture model for random graphs},
  JOURNAL =	 {Statistics and {C}omputing},
  YEAR =	 2008,
  VOLUME =	 18,
  PAGES =	 {173-183},
  NUMBER =	 2,
  timestamp =	 {2012.01.19}
}

@InProceedings{2008_nips_bottou,
  author =	 {Bottou, L. and Bousquet, O.},
  title =	 {The Tradeoffs of Large Scale Learning},
  bookTITLE =	 {Advances in Neural Information Processing Systems
                  (NIPS)},
  YEAR =	 2008,
}

@MISC{2008_preprint_Rocha,
  AUTHOR =	 {Rocha, G.V. and Zhao, P. and Yu, B.},
  TITLE =	 {A path following algorithm for Sparse
                  Pseudo-Likelihood Inverse Covariance Estimation
                  ({SPLICE})},
  YEAR =	 2008
}

@ARTICLE{2009_AS_Bickel,
  AUTHOR =	 {Bickel, P. and Ritov, Y. and Tsybakov, A.},
  TITLE =	 {Simultaneous analysis of {L}asso and {D}antzig
                  selector},
  JOURNAL =	 {The {A}nnals of {S}tatistics},
  YEAR =	 2009,
  VOLUME =	 37,
  PAGES =	 {1705-1732},
  timestamp =	 {2012.01.19}
}

@ARTICLE{2009_AS_Meinshausen,
  AUTHOR =	 {Meinshausen, N. and Yu, B.},
  TITLE =	 {Lasso-type recovery of sparse representations for
                  high-dimensional data},
  JOURNAL =	 {Ann. Stat.},
  FJOURNAL =	 {The Annals of Statistics},
  YEAR =	 2009,
  VOLUME =	 37,
  PAGES =	 {246-270},
}

@ARTICLE{2009_AS_Zhao,
  AUTHOR =	 {Zhao, P. and Rocha, G. and Yu, B.},
  TITLE =	 {The composite absolute penalties family for grouped
                  and hierarchical variable selection},
  JOURNAL =	 {Ann. Stat.},
  FJOURNAL =	 {The Annals of Statistics},
  YEAR =	 2009,
  VOLUME =	 37,
  PAGES =	 {3468-3497},
  NUMBER =	 6,
}

@ARTICLE{2009_BMCSB_Shimamura,
  AUTHOR =	 {Shimamura, T. and Imoto, S. and Yamaguchi, R. and
                  Fujita, A. and Nagasaki, M. and Miyano, S.},
  TITLE =	 {Recursive regularization for inferring gene networks
                  from time-course gene expression profiles},
  JOURNAL =	 {BMC Systems Biology},
  YEAR =	 2009,
  VOLUME =	 3,
  NUMBER =	 41
}

@INPROCEEDINGS{2009_COLT_Lounici,
  AUTHOR =	 {Lounici, K. and Pontil, M. and Tsybakov, A.B. and
                  van de Geer, S.},
  TITLE =	 {Sparsity for multi-task learning},
  bookTITLE =	 {Conference {O}n {L}earning {T}heory},
  YEAR =	 2009
}

@ARTICLE{2009_CSDA_Verzelen,
  AUTHOR =	 {Verzelen, N. and Villers, F.},
  TITLE =	 {Tests for {G}aussian graphical models},
  JOURNAL =	 {Comput. Stat. Data Anal.},
  FJOURNAL =	 {Computational Statistics \& Data Analysis},
  YEAR =	 2009,
  VOLUME =	 53,
  PAGES =	 {1894-1905},
  NUMBER =	 5,
  month =	 {March}
}

@inproceedings{2009_ICML_Huang,
  AUTHOR =	 {Huang, J. and Zhang, T. and Metaxas, D.},
  TITLE =	 {Learning with structured sparsity},
  bookTITLE =	 {ICML '09: Proceedings of the 26th Annual
                  International Conference on Machine Learning},
  YEAR =	 2009,
  PAGES =	 {417--424},
}

@inproceedings{2009_ICML_Raman,
  AUTHOR =	 {Raman, Sudhir and Fuchs, Thomas J. and Wild, Peter
                  J. and Dahl, Edgar and Roth, Volker},
  bookTITLE =	 {ICML '09: Proceedings of the 26th Annual
                  International Conference on Machine Learning},
  PAGES =	 {881--888},
  TITLE =	 {The {Bayesian} {group-Lasso} for analyzing
                  contingency tables},
  YEAR =	 2009
}

@ARTICLE{2009_IEEE_Wainwright,
  author =	 {Wainwright, M.},
  title =	 {Sharp Thresholds for High-Dimensional and Noisy
                  Sparsity Recovery Using $\ell_1$-Constrained
                  Quadratic Programming (Lasso)},
  journal =	 {IEEE Transactions on Information Theory},
  year =	 2009,
  volume =	 55
}

@ARTICLE{2009_JASA_Meinshausen,
  AUTHOR =	 {Meinshausen, N. and Meier, L. and B{\"u}hlmann, P.},
  TITLE =	 {P-values for high-dimensional regression},
  JOURNAL =	 {J. Amer. Statist. Assoc.},
  FJOURNAL =	 {Journal of the {A}merican {S}tatistical {A}ssociation},
  YEAR =	 2009,
  VOLUME =	 104,
  PAGES =	 { 1671-1681 }
}

@Article{2009_JASA_Peng,
  AUTHOR =	 {Peng, J. and Wang, P. and Zhou, N. and Zhu, J.},
  TITLE =	 {Partial correlation estimation by joint sparse
                  regression models},
  JOURNAL =	 {J. Amer. Statist. Assoc.},
  FJOURNAL =	 {Journal of the {A}merican {S}tatistical {A}ssociation},
  YEAR =	 2009,
  VOLUME =	 104,
  NUMBER =	 486,
  PAGES =	 {735--746},
}

@Article{2009_JRSSB_witten,
  AUTHOR =	 {Witten, D.M. and Tibshirani, R.},
  TITLE =	 {Covariance-regularized regression and classification
                  for high -dimensional problems},
  Journal =	 {J. R. Statist. Soc. B},
  FJournal =	 {Journal of the Royal Statistical Society: Series B},
  YEAR =	 2009,
  VOLUME =	 71,
  NUMBER =	 3,
  PAGES =	 {615--636},
}

@ARTICLE{2009_JSS_Friedman,
  AUTHOR =	 {Friedman, J.H. and Hastie, T. and Tibshirani, R.},
  TITLE =	 {Regularization Paths for Generalized Linear Models
                  via Coordinate Descent},
  Journal =	 {Journal of {S}tatistical {S}oftware},
  YEAR =	 2010,
  VOLUME =	 33,
  PAGES =	 {1--22},
  NUMBER =	 1,
  month =	 2,
  accepted =	 {2009-12-15},
  bibdate =	 {2009-12-15},
  coden =	 {JSSOBK},
  day =		 2,
  issn =	 {1548-7660},
  submitted =	 {2009-04-22},
  timestamp =	 {2012.01.19},
  url =		 {http://www.jstatsoft.org/v33/i01}
}

@Article{2009_MP_tseng,
  AUTHOR =	 {Tseng, P. and Yun, S.},
  TITLE =	 {A coordinate gradient descent method for nonsmooth
                  separable minimization},
  Journal =	 {Mathematical Programming},
  YEAR =	 2009,
  VOLUME =	 117,
  PAGES =	 {387--423},
}

@Article{2009_PLOS_kim,
  AUTHOR =	 {Kim, S. and Xing, E.P.},
  aJournal =	 {PLoS Genet.},
  Journal =	 {PLoS Genetics},
  TITLE =	 {Statistical Estimation of Correlated Genome
                  Associations to a Quantitative Trait Network},
  YEAR =	 2009,
  VOLUME =	 5,
  NUMBER =	 8,
}

@ARTICLE{2009_SAGMB_Lebre,
  AUTHOR =	 {L\`ebre, S.},
  TITLE =	 {Inferring dynamic genetic networks with low order
                  independencies.},
  Journal =	 {Statistical {A}pplications in {G}enetics and
                  {M}olecular {B}iology},
  YEAR =	 2009,
  VOLUME =	 8,
  PAGES =	 9,
  NUMBER =	 1
}

@ARTICLE{2009_SIAM_Beck,
  AUTHOR =	 {Beck, A. and Teboulle, M.},
  TITLE =	 {Fast Iterative Shrinkage-Thresholding Algorithm for
                  Linear Inverse Problems},
  Journal =	 {SIAM {J}ournal of {I}maging {S}ciences},
  YEAR =	 2009,
  VOLUME =	 2,
  PAGES =	 {183--202},
  timestamp =	 {2012.01.19}
}

@Article{2009_SIAM_Kim,
  AUTHOR =	 {Kim, S.-J.  and Koh, K.  and Boyd, S. and Gorinevsky
                  D.},
  TITLE =	 {{$\ell_1$} Trend Filtering},
  Journal =	 {SIAM Review, problems and techniques section},
  YEAR =	 2009,
  VOLUME =	 51,
  NUMBER =	 2,
  PAGES =	 {339--360},
}

@INPROCEEDINGS{2009_UAI_Marlin,
  AUTHOR =	 {Marlin, B. and Schmidt, M. and Murphy, K.},
  TITLE =	 {Group sparse Priors for Covariance Estimation},
  bookTITLE =	 {Uncertainty in {A}rtificial {I}ntelligence},
  YEAR =	 2009
}

@ARTICLE{2010_AAS_Kolar,
  AUTHOR =	 {Kolar, M. K. and Le Song, A. A. and Xing, E. P.},
  TITLE =	 {Estimating time-varying networks},
  Journal =	 {The {A}nnals of {A}pplied {S}tatistics},
  YEAR =	 2010,
  VOLUME =	 4,
  PAGES =	 {94-123},
  NUMBER =	 1
}

@inproceedings{2010_AISTATS_Lobert,
  AUTHOR =	 {Lorbert, A. and Eis, D. and Kostina, V.
                  and Blei, D.M.  and Ramadge, P.J.},
  Journal =	 {The Journal of Machine Learning Research - Workshop and
                  Conference Proceedings},
  TITLE =	 {Exploiting Covariate Similarity in Sparse Regression
                  via the Pairwise Elastic Net},
  VOLUME =	 9,
  Editor =	 {Yee W. Teh and D. M. Titterington},
  YEAR =	 2010,
  BookTITLE =	 {Proceedings of the Thirteenth International
                  Conference on Artificial Intelligence and Statistics
                  (AISTATS-10)},
  PAGES =	 {477-484}
}

@Article{2010_AOAS_Li,
  AUTHOR =	 {Li, C. and Li, H.},
  TITLE =	 {Variable selection and regression analysis for
                  graph-structured covariates with an application to
                  genomics},
  Journal =	 {Ann. Appl. Stat.},
  FJournal =	 {The Annals of Applied Statistics},
  YEAR =	 2010,
  VOLUME =	 4,
  NUMBER =	 3,
  PAGES =	 {1498--1516},
}

@Article{2010_AOAS_slawski,
  AUTHOR =	 {Slawski, M.  and zu Castell, W. and Tutz, G.},
  TITLE =	 {Feature selection guided by structural information},
  Journal =	 {Ann. Appl. Stat.},
  YEAR =	 2010,
  VOLUME =	 4,
  PAGES =	 {1056--1080},
}

@Article{2010_AS_Huang,
  AUTHOR =	 {Huang, J. and Zhang, T.},
  TITLE =	 {The benefit of Group sparsity},
  JOURNAL =	 {Ann. Stat.},
  FJOURNAL =	 {The Annals of Statistics},
  YEAR =	 2010,
  VOLUME =	 38,
  NUMBER =	 4,
  PAGES =	 {1978--2004},
}

@ARTICLE{2010_AS_Ravikumar,
  AUTHOR =	 {Ravikumar, P. and Wainwright, M. J. and Lafferty,
                  J.},
  TITLE =	 {High-dimensional {I}sing model selection using
                  $\ell_1$-regularized logistic regression},
  JOURNAL =	 {Ann. Stat.},
  FJOURNAL =	 {The Annals of Statistics},
  YEAR =	 2010,
  VOLUME =	 38,
  PAGES =	 {1287--1319},
}

@ARTICLE{2010_BMC_Lebre,
  AUTHOR =	 {L\`ebre,S. and Becq, J. and Devaux, F. and Stumpf,
                  M. P. H. and Lelandais,G.},
  TITLE =	 {Statistical inference of the time-varying structure
                  of gene-regulation networks},
  Journal =	 {{BMC S}ystems {B}iology},
  YEAR =	 2010,
  VOLUME =	 4,
  PAGES =	 {1-16},
  NUMBER =	 130,
  url =		 {http://www.biomedcentral.com/1752-0509/4/130}
}

@InProceedings{2010_ICML_kim,
  AUTHOR =	 {Kim, S. and Xing, E.P.},
  TITLE =	 {Tree-guided group Lasso for multi-task regression
                  with structured sparsity},
  bookTITLE =	 {Proceedings of the 27th International Conference on
                  Machine Learning},
  PAGES =	 {543--550},
  YEAR =	 2010,
}

@Article{2010_JCGS_rothman,
  AUTHOR =	 {Rothman, A. and Levina, E. and Zhu, J.},
  TITLE =	 {Sparse multivariate regression with covariance
                  estimation},
  Journal =	 {J. Comp. Graph. Stat.},
  FJournal =	 {Journal of Computational and Graphical Statistics},
  YEAR =	 2010,
  VOLUME =	 19,
  NUMBER =	 4,
  PAGES =	 {947--962},
}

@article{2010_JMLR_Yuan,
  author =	 {Yuan, M.},
  title =	 {Sparse inverse covariance matrix estimation via
                  linear programming},
  year =	 2010,
  JOURNAL =	 {J. Mach. Learn. Res.},
  FJOURNAL =	 {The Journal of Machine Learning Research},
  year =	 2010,
  volume =	 11,
  pages =	 {2261--2286},
}

@ARTICLE{2010_JRSS_Meinshausen,
  AUTHOR =	 {Meinshausen, N. and B{\"u}hlmann, P.},
  TITLE =	 {Stability selection},
  Journal =	 {Journal of the {R}oyal {S}tatistical {S}ociety,
                  {S}eries {B}},
  YEAR =	 2010,
  VOLUME =	 72,
  PAGES =	 {417-473}
}

@InProceedings{2010_NIPS_Bach,
  AUTHOR =	 {Bach, F.},
  TITLE =	 {Structured sparsity-inducing norms through
                  submodular functions},
  bookTITLE =	 {Advances in Neural Information Processing Systems
                  (NIPS)},
  YEAR =	 2010,
}

@InProceedings{2010_NIPS_Bleakley,
  AUTHOR =	 {Vert, J.-P. and Bleakley, K.},
  TITLE =	 {Fast detection of multiple change-points shared by
                  many signals using group LARS},
  bookTITLE =	 {Advances in Neural Information Processing Systems
                  (NIPS)},
  YEAR =	 2010,
}

@INPROCEEDINGS{2010_NIPS_Liu,
  AUTHOR =	 {Liu, H. and Roeder, K. and Wasserman,L.},
  TITLE =	 {Stability Approach to Regularization Selection
                  ({StARS}) for High Dimensional Graphical Models},
  bookTITLE =	 {Neural {I}nformation {P}rocessing {S}ystems},
  YEAR =	 2010
}

@Article{2010_PLOS_li,
  AUTHOR =	 {Li, X. and Panea, C. and Wiggins, C.H. and Reinke,
                  V. and Leslie, C.},
  TITLE =	 {Learning "graph-mer" Motifs that Predict Gene
                  Expression Trajectories in Development},
  Journal =	 {PLOS Computanional Biology},
  YEAR =	 2010,
  VOLUME =	 6,
  NUMBER =	 4,
}

@article{2010_Test_Stadler,
  AUTHOR =	 {St\"{a}dler, N. and B\"{u}hlmann, P. and
                  {van de Geer}, S},
  doi =		 {10.1007/s11749-010-0197-z},
  issn =	 {1133-0686},
  Journal =	 {Test},
  keywords =	 {adaptive lasso,finite mixture models,generalized em
                  algorithm},
  NUMBER =	 2,
  PAGES =	 {209--256},
  TITLE =	 {{$\ell_1$-Penalization for Mixture Regression
                  Models}},
  url =
                  {http://www.springerlink.com/index/10.1007/s11749-010-0197-z},
  VOLUME =	 19,
  YEAR =	 2010
}

@TechReport{2010_preprint_Friedman,
  AUTHOR =	 {Friedman, J. and Hastie, T. and Tibshirani, R.},
  TITLE =	 {A note on the group Lasso and a sparse group Lasso},
  institution =	 {arXiv},
  YEAR =	 2010,
}

@Article{2011_AOS_Obozinski,
  AUTHOR =	 {Obozinski, G. and Wainwright, M.J. and Jordan, M.I.},
  TITLE =	 {Support union recovery in high-dimensional
                  multivariate regression},
  Journal =	 {Ann. Statist.},
  FJournal =	 {The Annals of Statistics},
  YEAR =	 2011,
  VOLUME =	 39,
  NUMBER =	 1,
  PAGES =	 {1--47},
}

@Article{2011_AS_Cai,
  author =	 {Cai, T. and Liu, W. and Luo, X.},
  title =	 {A constrained l1 minimization approach to sparse
                  precision matrix estimation},
  Journal =	 {J. Amer. Statist. Assoc.},
  FJournal =	 {Journal of the American Statistical Association},
  year =	 2011,
  volume =	 106,
  pages =	 {594--607},
}

@ARTICLE{2011_AS_Lounici,
  author =	 {Lounici, K. and Pontil, M. and Tsybakov, A.B. and
                  van de Geer, S.},
  title =	 {Oracle Inequalities and Optimal Inference under
                  Group Sparsity},
  JOURNAL =	 {Ann. Stat.},
  FJOURNAL =	 {The Annals of Statistics},
  year =	 2011,
  volume =	 39,
  pages =	 {2164-2204}
}

@article{2011_AS_Tibshirani,
  TITLE =	 {The Solution Path of the Generalized LASSO},
  AUTHOR =	 {Tibshirani, R. J. and Taylor, J.},
  FJournal =	 {The Annals of Statistics},
  Journal =	 {Ann. Statist.},
  VOLUME =	 39,
  NUMBER =	 3,
  PAGES =	 {1335--1371},
  YEAR =	 2011,
}

@Article{2011_AoAS_yin,
  AUTHOR =	 {Yin, J. and Li, H.},
  TITLE =	 {A sparse conditional {G}aussian graphical model for
                  analysis of genetical genomics data},
  Journal =	 {Ann. Appl. Stat.},
  FJournal =	 {The Annals of Applied Statistics},
  YEAR =	 2011,
  VOLUME =	 5,
  PAGES =	 {2630--2650},
}

@ARTICLE{2011_BMC_Kiiveri,
  AUTHOR =	 {Kiiveri, H.},
  TITLE =	 {Multivariate analysis of microarray data:
                  differential expression and differential connection},
  Journal =	 {{BMC B}ioinformatics},
  YEAR =	 2011,
  VOLUME =	 12,
  PAGES =	 42,
  NUMBER =	 1,
  doi =		 {10.1186/1471-2105-12-42},
  issn =	 {1471-2105},
  pubmedid =	 21281522,
  url =		 {http://www.biomedcentral.com/1471-2105/12/42}
}

@Article{2011_EJS_Hebiri,
  AUTHOR =	 {Hebiri, M. and {v}an de Geer, S. },
  TITLE =	 {The smooth-lasso and other l1 + l2 penalized
                  methods},
  Journal =	 {Electron. J. Stat.},
  FJournal =	 {Electronic Journal of Statistics},
  YEAR =	 2011,
  VOLUME =	 5,
  PAGES =	 {1184--1226},
}

@ARTICLE{2011_EJS_Ravikumar,
  AUTHOR =	 {Ravikumar,P. and Wainwright, M. and Raskutti,G. and
                  Yu, B.},
  TITLE =	 {High-dimensional covariance estimation by minimizing
                  $\ell_1$-penalized log-determinant divergence},
  Journal =	 {Electronic Journal of Statistics},
  YEAR =	 2011,
  VOLUME =	 5,
  PAGES =	 {935-980}
}

@Article{2011_JASA_hans,
  AUTHOR =	 {Hans, C.},
  TITLE =	 {Elastic net regression modeling with the orthant
                  normal prior},
  Journal =	 {J. Amer. Statist. Assoc.},
  FJournal =	 {Journal of the American Statistical Association},
  YEAR =	 2011,
  VOLUME =	 106,
  PAGES =	 {1383--1393},
}

@MISC{2011_JMLR_Anandkumar,
  AUTHOR =	 {Anandkumar, A. and Tan, V. and Willsky, A.},
  TITLE =	 {High-Dimensional {G}aussian Graphical Model Selection:
                  Tractable Graph Families},
  YEAR =	 2011,
  url =
                  {http://www.citebase.org/abstract?id=oai:arXiv.org:1107.1270}
}

@ARTICLE{2011_JSFDS_Jeanmougin,
  AUTHOR =	 {Jeanmougin, M. and Guedj, M. and Ambroise, C.},
  TITLE =	 {Defining a robust biological prior from Pathway
                  Analysis to drive Network Inference},
  Journal =	 {Journal de la {S}oci{\'e}t{\'e} {F}ran\c{c}aise de
                  {S}tatistique},
  YEAR =	 2011,
  VOLUME =	 152,
  PAGES =	 {97-110},
  timestamp =	 {2012.01.19}
}

@ARTICLE{2011_Oncogene_Guedj,
  AUTHOR =	 {Guedj, M. and Marisa, L and de Reynies, A and
                  Orsetti, B and Schiappa, R and Bibeau, F and
                  MacGrogan, G and Lerebours, F and Finetti, P and
                  Longy, M and Bertheau, P and Bertrand, F and Bonnet,
                  F and Martin, A L and Feugeas, J P and Bieche, I and
                  Lehmann-Che, J and Lidereau, R and Birnbaum, D and
                  Bertucci, F and de The, H and Theillet, C},
  TITLE =	 {A refined molecular taxonomy of breast cancer},
  Journal =	 {Oncogene},
  YEAR =	 2011,
  VOLUME =	 {advanced publication online},
  PAGES =	 {1-11}
}

@Article{2011_biometrika_guo,
  author =	 {Guo, J. and Levina, E and Michailidis, G.  and Zhu.,
                  J.},
  title =	 {Biometrika},
  journal =	 {Joint estimation of multiple graphical models},
  year =	 2011,
}

@Book{2011_book_Buhlmann,
  author =	 {B{\"u}hlmann, P. and {v}an de Geer, S.},
  title =	 {Statistics for High-Dimensional Data: Methods,
                  Theory and Applications},
  publisher =	 {Springer},
  year =	 2011,
}

@Article{2012_EJS_Tibshirani,
  aJournal =	 {Elec. Jour. Statist.},
  AUTHOR =	 {Tibshirani, R.J. and Taylor, J.},
  Journal =	 {Electron. J. Stat.},
  FJournal =	 {Electronic Journal of Statistics},
  TITLE =	 {Degrees of Freedom in Lasso Problems},
  YEAR =	 2012
}

@Article{2012_EJS_Verzelen,
  author =	 {Verzelen, N.},
  title =	 {Minimax risks for sparse regressions:
                  Ultra-high-dimensional phenomenons},
  journal =	 {Elec. Journal Stat.},
  fjournal =	 {Electronic Journal of Statistics},
  year =	 2012,
  volume =	 6,
  pages =	 {38--90},
}

@Article{2012_FOT_bach,
  AUTHOR =	 {Bach, F. and Jenatton, R. and Mairal, J. and
                  Obozinski, G.},
  TITLE =	 {Optimization with sparsity-inducing penalties},
  Journal =	 {Foundations and Trends in Machine Learning},
  YEAR =	 2012,
  VOLUME =	 4,
  NUMBER =	 1,
  PAGES =	 {1--106},
}

@Article{2012_GB_Lajoie,
  AUTHOR =	 {Lajoie, M. and Gascuel, O. and Lefort,
                  V. and Brehelin, L.},
  TITLE =	 {Computational discovery of regulatory elements in a
                  continuous expression space},
  FJournal =	 {Genome Biology},
  Journal =	 {Genome Biology},
  VOLUME =	 13,
  YEAR =	 2012,
  NUMBER =	 11,
  DOI =		 {10.1186/gb-2012-13-11-r109},
  PubMedID =	 23186104,
  ISSN =	 {1465-6906},
}

@Article{2012_JMA_lee,
  AUTHOR =	 {Lee, W. and Liu, Y.},
  TITLE =	 {Simultaneous Multiple Response Regression and
                  Inverse Covariance Matrix Estimation via Penalized
                  {G}aussian Maximum Likelihood},
  Journal =	 {J. Multivar. Anal.},
  FJournal =	 {Journal of Multivariate Analysis},
  YEAR =	 2012,
  VOLUME =	 111,
  PAGES =	 {241--255},
}

@Article{2012_JMLR_sohn,
  AUTHOR =	 {Sohn, K.A and Kim, S.},
  TITLE =	 {Joint Estimation of Structured Sparsity and Output
                  Structure in Multiple-Output Regression via
                  Inverse-Covariance Regularization},
  Journal =	 {JMLR},
  YEAR =	 2012,
  VOLUME =	 {W\&CP},
  NUMBER =	 22,
  PAGES =	 {1081--1089},
}

@InProceedings{2012_NIPS_grave,
  AUTHOR =	 {Grave, E. and Obozinski, G. and Bach, F.},
  TITLE =	 {Trace Lasso: a trace norm regularization for
                  correlated designs},
  bookTITLE =	 {Neural Information Processing Systems (NIPS)},
  YEAR =	 2012,
}

@Article{2012_SAGMB_Giraud,
  AUTHOR =	 {Giraud, C. and Huet, S. and Verzelen, N.},
  TITLE =	 {Graph selection with {GGM}select},
  Journal =	 {SAGMB},
  FJournal =	 {Statistical Applications in Genetics and Molecular
                  Biology},
  year =	 2012,
  volume =	 11,
  number =	 3,
  pages =	 {1--50},
}

@Article{2012_SS_Giraud,
  author =	 {Giraud, C. and Huet, S. and Verzelen, N.},
  title =	 {High-dimensional regression with unknown variance},
  fjournal =	 {Statistical Science},
  journal =	 {Statist. Sci. },
  year =	 2012,
  volume =	 27,
  number =	 4,
  pages =	 {500--518},
}

@incollection{2013_ICML_wong,
  title =	 {Adaptive Sparsity in {G}aussian Graphical Models},
  author =	 {Wong, Eleanor and Suyash, Awate and Fletcher Thomas},
  booktitle =	 {In Proceedings of the 30th International Conference
                  on Machine Learning},
  pages =	 {311--319},
  year =	 2013,
}

@Book{2014_HS_Giraud,
  author =	 {Giraud, C.},
  title =	 {High-Dimensional Statistics},
  publisher =	 {Chapman \& Hall},
  year =	 2014,
  series =	 {CRC Monographs on Statistics \& Applied Probability},
}

@Article{2014_IEEE_Schmidt,
  author =	 {Cevher, V. and Becker, S. and Schmidt, M.},
  title =	 {Convex Optimization for Big Data: Scalable,
                  randomized, and parallel algorithms for big data
                  analytics},
  journal =	 {IEEE Signal Processing Magazine},
  year =	 2014,
}

@article{2014_ITIEEE_yuan,
  AUTHOR =	 {Yuan, X.-T. and Zhang, T.},
  Journal =	 {Information Theory, IEEE Transactions on},
  TITLE =	 {Partial {G}aussian Graphical Model Estimation},
  VOLUME =	 60,
  NUMBER =	 3,
  PAGES =	 {1673-1687},
  YEAR =	 2014,
}

@Manual{2014_huge_package,
  title =	 {huge: High-dimensional Undirected Graph Estimation},
  author =	 {Zhao, T. and Liu, H. and Roeder, K. and 
                  Lafferty, J. and Wasserman, L.},
  year =	 2014,
  note =	 {R package version 1.2.6},
  url =		 {http://CRAN.R-project.org/package=huge},
}

@InCollection{2015_AAAI_Grechkin,
  author =	 {Grechkin, M. and Fazel, M. and Witten, D. and Lee
                  ,S.-I.},
  title =	 {Pathway Graphical Lasso},
  booktitle =	 {The Twenty-Ninth AAAI Conference on Artificial
                  Intelligence},
  year =	 2015,
}

@Misc{Age,
  TITLE =	 {An Age: The Animal Ageing and Longevity Database},
  howpublished = {web},
  note =
                  {\href{http://genomics.senescence.info/species/}{http://genomics.senescence.info/species/}},
}

@article{Argyriou08,
  AUTHOR =	 {Argyriou, A. and Evgeniou, T. and Pontil, M.},
  TITLE =	 {Convex multi-task feature learning},
  Journal =	 {Mach. Learn.},
  FJournal =	 {Machine Learning},
  VOLUME =	 73,
  NUMBER =	 3,
  PAGES =	 {243--272},
  Publisher =	 {Springer},
  YEAR =	 2008
}

@Article{Bnapus_data,
  AUTHOR =	 {Ferreira, M.E. and Satagopan, J. and Yandell, B.S. and
                  Williams, P.H. and Osborn, T.C.},
  TITLE =	 {Mapping loci controlling vernalization requirement
                  and flowering time in Brassica napus},
  Journal =	 {Theor. Appl. Genet.},
  FJournal =	 {Theoretical Applied Genetics},
  YEAR =	 1995,
  VOLUME =	 90,
  PAGES =	 {727--732},
}

@Article{Bnapus_map,
  AUTHOR =	 {Kole, C. and Thorman, C.E. and Karlsson, B.H. and Palta,
                  J.P. and Gaffney, P. and Yandell, B.S. and Osborn, T.C.},
  TITLE =	 {Comparative mapping of loci controlling winter
                  survival and related traits in oilseed Brassica rapa
                  and {B.} napus},
  Journal =	 {Mol. Breed.},
  FJournal =	 {Molecular Breeding},
  YEAR =	 2002,
  VOLUME =	 1,
  PAGES =	 {201--210},
}

@book{Breiman84,
  AUTHOR =	 "Breiman, L. and Friedman, J.H. and Olshen, R. and
                  Stone, C.J.",
  TITLE =	 "Classification and Regression Trees",
  YEAR =	 1984,
  PUBLISHER =	 "Wadsworth",
  ADDRESS =	 "Belmont, CA."
}

@INPROCEEDINGS{Caron08sparsebayesian,
  AUTHOR =	 {Caron, F. and Doucet, A.},
  TITLE =	 {Sparse bayesian nonparametric regression},
  bookTITLE =	 {In 25th International Conference on Machine Learning
                  (ICML)},
  YEAR =	 2008
}

@article{Caruana97,
  AUTHOR =	 {Caruana, R.},
  TITLE =	 {Multitask Learning},
  Journal =	 {Mach. Learn.},
  FJournal =	 {Machine Learning},
  VOLUME =	 28,
  NUMBER =	 1,
  PAGES =	 {41--75},
  Publisher =	 {Kluwer},
  YEAR =	 1997
}

@ARTICLE{FH82,
  author =	 {Frank, O. and Harary, F.},
  title =	 {Cluster inference by using transitivity indices in
                  empirical graphs},
  journal =	 {Journal of the {A}merican {S}tatistical
                  {A}ssociation},
  year =	 1982,
  volume =	 77,
  pages =	 {835--840},
  number =	 380
}

@ARTICLE{Gertheiss10,
  AUTHOR =	 {Gertheiss, J. and Tutz, G.},
  TITLE =	 {Sparse modeling of categorial explanatory variables},
  Journal =	 {The {A}nnals of {A}pplied {S}tatistics},
  YEAR =	 2010,
  VOLUME =	 4,
  PAGES =	 {2150--2180},
  NUMBER =	 4,
  owner =	 {ccharbonnier},
  timestamp =	 {2012.01.19}
}

@INPROCEEDINGS{HOCKING-clusterpath,
  AUTHOR =	 {Hocking, T. and Vert, J.-P. and Bach, F.  and
                  Joulin, A.},
  TITLE =	 {Clusterpath: an Algorithm for Clustering using
                  Convex Fusion Penalties },
  bookTITLE =	 {Proceedings of the 28th ICML},
  YEAR =	 2011,
  PAGES =	 {745--752},
}

@ARTICLE{Hesterberg08,
  AUTHOR =	 {Hesterberg, T. and Choi, N. M. and Meier, L. and
                  Fraley, C.},
  Journal =	 {Statistics Surveys},
  PAGES =	 {61--93},
  TITLE =	 {Least angle and $\ell_{1}$ penalized regression: A
                  review},
  VOLUME =	 2,
  YEAR =	 2008,
}

@inproceedings{ICML2012Mairal_202,
  TITLE =	 {Complexity Analysis of the Lasso Regularization path},
  bookTITLE =	 {Proceedings of the 29th ICML},
  AUTHOR =	 {Mairal, J. and Yu, B.},
  YEAR =	 2012,
  pges =	 {353--360}
}

@ARTICLE{Jeanmougin2010,
  AUTHOR =	 {Jeanmougin, M. AND de Reynies, A. AND Marisa, L. AND
                  Paccard, C.  AND Nuel, G. AND Guedj, M.},
  TITLE =	 {Should We Abandon the t-Test in the Analysis of Gene
                  Expression Microarray Data: A Comparison of Variance
                  Modeling Strategies},
  Journal =	 {PLoS ONE},
  YEAR =	 2010,
  VOLUME =	 5,
  PAGES =	 {e12336},
  NUMBER =	 9,
  doi =		 {10.1371/Journal.pone.0012336},
  publisher =	 {Public Library of Science},
  timestamp =	 {2010.12.14}
}

@ARTICLE{Kanehisa2006,
  AUTHOR =	 {Kanehisa, M. and Goto, S. and Hattori, M.
                  and  Aoki-Kinoshita,  K.F.  and Itoh, M. and
                  Kawashima, S. and Katayama, T. and
                  Araki, M. and Hirakawa, M.},
  TITLE =	 {From genomics to chemical genomics: new developments
                  in {KEGG}},
  Journal =	 {Nucleic {A}cids {R}esearch},
  YEAR =	 2006,
  VOLUME =	 34,
  PAGES =	 {D354--D357},
  doi =		 {10.1093/nar/gkj102},
  institution =	 {Bioinformatics Center, Institute for Chemical
                  Research, Kyoto University, Uji, Kyoto 611-0011,
                  Japan. kanehisa@kuicr.kyoto-u.ac.jp},
  url =		 {http://dx.doi.org/10.1093/nar/gkj102}
}

@ARTICLE{LosCampos12,
  AUTHOR =	 {{d}e {l}os Campos, G. and Hickey, J.M. and Pong-Wong,
                  R. and Daetwyler, H.D. and Calus, M.P.L.},
  TITLE =	 {Whole Genome Regression and Prediction Methods
                  Applied to Plant and Animal Breeding},
  Journal =	 {Genetics},
  YEAR =	 2012,
}

@Book{MV_mardia,
  AUTHOR =	 {Mardia, K.V. and Kent, J.T. and Bibby, J.M.},
  TITLE =	 {Multivariate Analysis},
  publisher =	 {Academic Press},
  YEAR =	 1979,
}

@Book{MaR07,
  author =	 {Marin, J.-M.  and  Robert, C.P.},
  title =	 {{B}ayesian Core: A Practical Approach to Computational
                  {B}ayesian Statistics},
  publisher =	 {Springer-Verlag: New-York},
  year =	 2007,
}

@ARTICLE{Manoli2006,
  AUTHOR =	 {Manoli, T. and Gretz, N. and Grone, H.-J. and
                  Kenzelmann, M. and Eils, R.  and Brors, B.},
  TITLE =	 {Group testing for pathway analysis improves
                  comparability of different microarray datasets},
  Journal =	 {Bioinformatics},
  YEAR =	 2006,
  VOLUME =	 22,
  PAGES =	 {2500-2506},
  NUMBER =	 20,
  doi =		 {10.1093/bioinformatics/btl424},
  eprint =
                  {http://bioinformatics.oxfordJournals.org/content/22/20/2500.full.pdf+html},
  url =
                  {http://bioinformatics.oxfordJournals.org/content/22/20/2500.abstract}
}

@inproceedings{NIPS2013_4923,
  title =	 {BIG \&amp; QUIC: Sparse Inverse Covariance
                  Estimation for a Million Variables},
  author =	 {Hsieh, C.-J. and Sustik, M.A. and Dhillon, I.S. and
                  Ravikumar, P. K and Poldrack, R.},
  booktitle =	 {Advances in Neural Information Processing Systems (NIPS)},
  pages =	 {3165--3173},
  year =	 2013,
}

@incollection{NIPS2013_5037,
  title =	 {Large Scale Distributed Sparse Precision Estimation},
  author =	 {Wang, H. and Banerjee, A. and Hsieh,
                  C.-J. and Ravikumar, P. K and Dhillon,
                  I.S.},
  booktitle =	 {Advances in Neural Information Processing Systems (NIPS)},
  editor =	 {C.J.C. Burges and L. Bottou and M. Welling and
                  Z. Ghahramani and K.Q. Weinberger},
  pages =	 {584--592},
  year =	 2013,
  publisher =	 {Curran Associates, Inc.},
  url =
                  {http://papers.nips.cc/paper/5037-large-scale-distributed-sparse-precision-estimation.pdf}
}

@article{Nikolova00,
  AUTHOR =	 {Nikolova, M.},
  TITLE =	 {Local strong homogeneity of a regularized estimator},
  Journal =	 {SIAM J. Appl. Math.},
  FJournal =	 {SIAM Journal on Applied Mathematics},
  VOLUME =	 61,
  NUMBER =	 2,
  PAGES =	 {633--658},
  YEAR =	 2000
}

@Article{Oscar2008,
  AUTHOR =	 {Bondell, H.D.  and Reich, B.J.},
  TITLE =	 {Simultaneous Regression Shrinkage, Variable
                  Selection, and Supervised Clustering of Predictors
                  with {OSCAR}},
  Journal =	 {Biometrics},
  VOLUME =	 64,
  NUMBER =	 1,
  PAGES =	 {115--123},
  YEAR =	 2008
}

@MANUAL{R,
  TITLE =	 {R: A Language and Environment for Statistical
                  Computing},
  AUTHOR =	 {R Development Core Team},
  organization = {R Foundation for Statistical Computing},
  address =	 {Vienna, Austria},
  YEAR =	 2009,
  note =	 {{ISBN} 3-900051-07-0},
  owner =	 {ccharbonnier},
  timestamp =	 {2012.01.19},
  url =		 {http://www.R-project.org}
}

@article{Rufibach20101442,
  TITLE =	 "An active set algorithm to estimate parameters in
                  generalized linear models with ordered predictors",
  JOURNAL =	 {Comput. Stat. Data Anal.},
  FJOURNAL =	 {Computational Statistics \& Data Analysis},
  VOLUME =	 54,
  NUMBER =	 6,
  PAGES =	 "1442--1456",
  YEAR =	 2010,
  url =
                  "http://www.sciencedirect.com/science/article/pii/S0167947310000290",
  AUTHOR =	 "Rufibach, K.",
}

@article{SGR_MLJ10,
  author =	 {Szafranski, M. and Grandvalet, Y. and
                  Rakotomamonjy, A.},
  title =	 {Composite kernel learning},
  journal =	 {Machine Learning},
  volume =	 79,
  number =	 {1-2},
  pages =	 {73-103},
  year =	 2010,
  issn =	 {0885-6125},
  url =		 {http://dx.doi.org/10.1007/s10994-009-5150-6},
  publisher =	 {Springer US}
}

@inproceedings{SKMM_NIPS07,
  title =	 {Hierarchical Penalization},
  author =	 {Szafranski, M. and Grandvalet, Y. and
                  Morizet-Mahoudeaux, P.},
  booktitle =	 {Advances in Neural Information Processing Systems
                  (NIPS)},
  year =	 2008,
  adress =	 {Vancouver, Canada},
  url =
                  {http://papers.nips.cc/paper/3338-hierarchical-penalization.pdf}
}

@ARTICLE{SN97,
  author =	 {Snijders, T.A.B. and Nowicki, K.},
  title =	 {Estimation and prediction for stochastic blockmodels
                  for graphs with latent block structure},
  journal =	 {Journal of Classification},
  year =	 1997,
  volume =	 14,
  pages =	 {75--100},
  number =	 1,
  fjournal =	 {Journal of Classification}
}

@MISC{Schmidt05leastsquares,
  author =	 {Schmidt, M.},
  title =	 {Least Squares Optimization with L1-Norm
                  Regularization},
  year =	 2005
}

@ARTICLE{Serlin85,
  AUTHOR =	 {Serlin, R.C. and Levin, J.R.},
  TITLE =	 {Teaching how to derive directly interpretable coding
                  schemes for multiple regression analysis},
  Journal =	 {Journal of Educational Statistics},
  YEAR =	 1985,
  VOLUME =	 10,
  PAGES =	 {223--238},
  NUMBER =	 3,
  timestamp =	 {2012.01.19}
}

@article{Zhou01102010,
  AUTHOR =	 {Zhou, H. and Sehl, M.E. and Sinsheimer, J.S. and
                  Lange, K.},
  TITLE =	 {Association screening of common and rare genetic
                  variants by penalized regression},
  VOLUME =	 26,
  NUMBER =	 19,
  PAGES =	 {2375--2382},
  YEAR =	 2010,
  doi =		 {10.1093/bioinformatics/btq448},
  URL =
                  {http://bioinformatics.oxfordJournals.org/content/26/19/2375.abstract},
  eprint =
                  {http://bioinformatics.oxfordJournals.org/content/26/19/2375.full.pdf+html},
  Journal =	 {Bioinformatics}
}

@inproceedings{allen2012log,
  title =	 {A log-linear graphical model for inferring genetic
                  networks from high-throughput sequencing data},
  author =	 {Allen, G.I. and Liu, Z.},
  booktitle =	 {Bioinformatics and Biomedicine (BIBM), 2012 IEEE
                  International Conference on},
  pages =	 {1--6},
  year =	 2012,
  organization = {IEEE}
}

@inproceedings{bach2008bolasso,
  title =	 {Bolasso: model consistent lasso estimation through
                  the bootstrap},
  author =	 {Bach, F.},
  booktitle =	 {Proceedings of the 25th international conference on
                  Machine learning},
  pages =	 {33--40},
  year =	 2008,
  organization = {ACM}
}

@inproceedings{barinfluential,
  title =	 {Influential Observations in a Graphical Model},
  author =	 {Bar-Hen, A. and Poggi, J.-M.},
  booktitle =	 {Proceedings of JournÃ©es FranÃ§aises de la Statistique},
  year =	 2014
}

@article{bergersen2014monotone,
  title =	 {Monotone splines lasso},
  author =	 {Bergersen, L.C. and Tharmaratnam,
                  K. and Glad, I.K.},
  JOURNAL =	 {Comput. Stat. Data Anal.},
  FJOURNAL =	 {Computational Statistics \& Data Analysis},
  volume =	 77,
  pages =	 {336--351},
  year =	 2014,
  publisher =	 {Elsevier}
}

@article{bogdan2013statistical,
  title =	 {Statistical estimation and testing via the sorted L1
                  norm},
  author =	 {Bogdan, M. and {v}an {d}en Berg, E. and Su,
                  W. and Candes, E.},
  journal =	 {arXiv preprint arXiv:1310.1969},
  year =	 2013
}

@article{bondell2008simultaneous,
  TITLE =	 {Simultaneous factor selection and collapsing levels
                  in {ANOVA}},
  AUTHOR =	 {Bondell, H.D. and Reich, B.J.},
  Journal =	 {Biometrics},
  VOLUME =	 65,
  NUMBER =	 1,
  PAGES =	 {169--177},
  YEAR =	 2008,
  publisher =	 {Wiley Online Library}
}

@Book{book_harville,
  AUTHOR =	 {Harville, D.H.},
  TITLE =	 {Matrix Algebra from a Statistician's perspective},
  publisher =	 {Springer},
  YEAR =	 1997,
}

@article{bottou2008learning,
  title =	 {Learning using large datasets},
  author =	 {Bottou, L. and Bousquet, O.},
  journal =	 {Mining Massive DataSets for Security},
  volume =	 3,
  year =	 2008,
  publisher =	 {Citeseer}
}

@article{boyd2011distributed,
  title =	 {Distributed optimization and statistical learning
                  via the alternating direction method of multipliers},
  author =	 {Boyd, S. and Parikh, N. and Chu, E. and
                  Peleato, B. and Eckstein, J.},
  journal =	 {Foundations and Trends{\textregistered} in Machine
                  Learning},
  volume =	 3,
  number =	 1,
  pages =	 {1--122},
  year =	 2011,
  publisher =	 {Now Publishers Inc.}
}

@article{bozdech2003transcriptome,
  title =	 {The transcriptome of the intraerythrocytic
                  developmental cycle of Plasmodium falciparum},
  author =	 {Bozdech, Z. and Llin{\'a}s, M. and Pulliam,
                  B.L. and Wong, E.D. and Zhu, J. and
                  DeRisi, J.L.},
  journal =	 {PLoS biology},
  volume =	 1,
  number =	 1,
  pages =	 {e5},
  year =	 2003,
  publisher =	 {Public Library of Science}
}

@article{candes2005decoding,
  title =	 {Decoding by linear programming},
  author =	 {Candes, E. and Tao, T.},
  journal =	 {Information Theory, IEEE Transactions on},
  volume =	 51,
  number =	 12,
  pages =	 {4203--4215},
  year =	 2005,
  publisher =	 {IEEE}
}

@inproceedings{celik2014efficient,
  title =	 {Efficient Dimensionality Reduction for
                  High-Dimensional Network Estimation},
  author =	 {Celik, S. and Logsdon, B. and Lee, S.-I.},
  booktitle =	 {Proceedings of the 31st International Conference on
                  Machine Learning (ICML-14)},
  pages =	 {1953--1961},
  year =	 2014
}

@article{charbonnier2013global,
  title =	 {A Global Homogeneity Test for High-Dimensional
                  Linear Regression},
  author =	 {Charbonnier, C. and Verzelen, N. and Villers, F.},
  journal =	 {arXiv preprint arXiv:1308.3568},
  year =	 2013
}

@article{chen2013robust,
  title =	 {Robust High Dimensional Sparse Regression and
                  Matching Pursuit},
  author =	 {Chen, Y. and Caramanis, C. and Mannor, S.},
  journal =	 {arXiv preprint arXiv:1301.2725},
  year =	 2013
}

@article{chen2014convex,
  title =	 {Convex Clustering: An Attractive Alternative to
                  Hierarchical Clustering},
  author =	 {Chen, Gary K and Chi, Eric and Ranola, John and
                  Lange, Kenneth},
  journal =	 {arXiv preprint arXiv:1409.2065},
  year =	 2014
}

@article{chi2013splitting,
  title={Splitting methods for convex clustering},
  author={Chi, Eric C and Lange, Kenneth},
  JOURNAL =	 {J. Comput. Graph. Statist.},
  FJOURNAL =	 {Journal of Computational and Graphical Statistics},
  number={just-accepted},
  pages={00--00},
  year={2014},
  publisher={Taylor \& Francis}
}

@article{chi2014convex,
  title =	 {Convex Biclustering},
  author =	 {Chi, Eric C and Allen, Genevera I and Baraniuk,
                  Richard G},
  journal =	 {arXiv preprint arXiv:1408.0856},
  year =	 2014
}

@book{chung1997spectral,
  title =	 {Spectral graph theory},
  author =	 {Chung, F.R.K.},
  volume =	 92,
  year =	 1997,
  publisher =	 {American Mathematical Soc.}
}

@article{clemmensen2011sparse,
  title =	 {Sparse discriminant analysis},
  author =	 {Clemmensen, L. and Hastie, T. and Witten,
                  D. and Ersb{\o}ll, B.},
  journal =	 {Technometrics},
  volume =	 53,
  number =	 4,
  year =	 2011
}

@article{d2008optimal,
  title =	 {Optimal solutions for sparse principal component
                  analysis},
  author =	 {d'Aspremont, A. and Bach, F. and {El Ghaoui}, L.},
  JOURNAL =	 {J. Mach. Learn. Res.},
  FJOURNAL =	 {The Journal of Machine Learning Research},
  volume =	 9,
  pages =	 {1269--1294},
  year =	 2008,
  publisher =	 {JMLR. org}
}

@article{dalmasso2008distinct,
  title =	 {Distinct genetic loci control plasma {HIV-RNA} and
                  cellular {HIV-DNA} levels in {HIV-1} infection: the {ANRS}
                  Genome Wide Association 01 study},
  author =	 {Dalmasso, C. and Carpentier, W. and Meyer, L. and
                  Rouzioux, C. and Goujard, C. and Chaix, M.-L. and
                  Lambotte, O. and Avettand-Fenoel, V. and {Le Clerc},
                  S. and {De Senneville}, L. and others},
  journal =	 {PloS one},
  volume =	 3,
  number =	 12,
  pages =	 {e3907},
  year =	 2008,
  publisher =	 {Public Library of Science}
}

@article{danaher2014joint,
  title =	 {The joint graphical lasso for inverse covariance
                  estimation across multiple classes},
  author =	 {Danaher, P. and Wang, P. and Witten, D.M.},
  JOURNAL =	 {J. R. Statist. Soc. B},
  FJOURNAL =	 {Journal of the Royal Statistical Society: Series B},
  volume =	 76,
  number =	 2,
  pages =	 {373--397},
  year =	 2014,
  publisher =	 {Wiley Online Library}
}

@Article{data_cookies1,
  AUTHOR =	 {Osborne, B.G. and Fearn, T. and Miller, A.R. and
                  Douglas, S.},
  TITLE =	 {Application of near infrared reflectance
                  spectroscopy to compositional analys is of biscuits
                  and biscuit doughs},
  Journal =	 {J. Sci. Food Agr.},
  FJournal =	 {Journal of the Science of Food and Agriculture},
  YEAR =	 1984,
  VOLUME =	 35,
  PAGES =	 {99--105},
}

@Article{data_cookies2,
  AUTHOR =	 {Brown, P.J. and Fearn, T. and Vannucci, M.},
  TITLE =	 {{B}ayesian Wavelet Regression on Curves with
                  Applications to a Spectroscopic Calibration Problem},
  Journal =	 {J. Amer. Statist. Assoc.},
  FJournal =	 {Journal of the American Statistical Association},
  YEAR =	 2001,
  VOLUME =	 96,
  PAGES =	 {398--408},
}

@article{el2011safe,
  title={Safe feature elimination for the lasso and sparse supervised learning problems},
  author =	 {{El Ghaoui}, L. and Viallon, V. and Rabbani, T.},
  journal={arXiv preprint arXiv:1009.4219},
  year={2010}
}

@article{fan2008sure,
  title =	 {Sure independence screening for ultrahigh
                  dimensional feature space},
  author =	 {Fan, J. and Lv, J.},
  JOURNAL =	 {J. R. Statist. Soc. B},
  FJOURNAL =	 {Journal of the Royal Statistical Society: Series B},
  volume =	 70,
  number =	 5,
  pages =	 {849--911},
  year =	 2008,
  publisher =	 {Wiley Online Library}
}

@inproceedings{foygel2010extended,
  title =	 {Extended {B}ayesian information criteria for {G}aussian
                  graphical models},
  author =	 {Foygel, R. and Drton, M.},
  booktitle =	 {Advances in Neural Information Processing Systems (NIPS)},
  pages =	 {2020--2028},
  year =	 2010
}

@article{frank1993statistical,
  title =	 {A statistical view of some chemometrics regression
                  tools},
  author =	 {Frank, L.E. and Friedman, J.H.},
  journal =	 {Technometrics},
  volume =	 35,
  number =	 2,
  pages =	 {109--135},
  year =	 1993,
  publisher =	 {Taylor \& Francis Group}
}

@article{fusi2012joint,
  title =	 {Joint modelling of confounding factors and prominent
                  genetic regulators provides increased accuracy in
                  genetical genomics studies},
  author =	 {Fusi, N. and Stegle, O. and Lawrence, N.D.},
  journal =	 {PLoS computational biology},
  volume =	 8,
  number =	 1,
  pages =	 {e1002330},
  year =	 2012,
  publisher =	 {Public Library of Science}
}

@article{gasch2000genomic,
  TITLE =	 {Genomic expression programs in the response of yeast
                  cells to environmental changes},
  AUTHOR =	 {Gasch, A.P. and Spellman, P.T. and Kao, C.M. and
                  Carmel-Harel, O. and Eisen, M.B. and Storz, G. and
                  Botstein, D. and Brown, P.O.},
  Journal =	 {Mol. Biol. Cell},
  FJournal =	 {Molecular biology of the cell},
  VOLUME =	 11,
  NUMBER =	 12,
  PAGES =	 {4241--4257},
  YEAR =	 2000,
  publisher =	 {Am Soc Cell Biol}
}

@article{geyer1994,
  TITLE =	 {Simultaneous factor selection and collapsing levels
                  in {ANOVA}},
  AUTHOR =	 {Geyer, C.J.},
  FJournal =	 {The Annals of Statistics},
  Journal =	 {Ann. Statist.},
  VOLUME =	 22,
  NUMBER =	 4,
  PAGES =	 {1635-2134},
  YEAR =	 1994
}

@article{giraud2008estimation,
  title =	 {Estimation of {G}aussian graphs by model selection},
  author =	 {Giraud, C.},
  journal =	 {Electronic Journal of Statistics},
  volume =	 2,
  pages =	 {542--563},
  year =	 2008,
  publisher =	 {Institute of Mathematical Statistics}
}

@article{harchaoui2010multiple,
  title =	 {Multiple change-point estimation with a total
                  variation penalty},
  author =	 {Harchaoui, Z. and L{\'e}vy-Leduc, C.},
  JOURNAL =	 {J. Amer. Statist. Assoc.},
  FJOURNAL =	 {Journal of the {A}merican {S}tatistical {A}ssociation},
  volume =	 105,
  number =	 492,
  year =	 2010
}

@article{haury2012tigress,
  title =	 {TIGRESS: trustful inference of gene regulation using
                  stability selection},
  author =	 {Haury, A.-C. and Mordelet, F. and Vera-Licona,
                  P. and Vert, J.-P.},
  journal =	 {BMC systems biology},
  volume =	 6,
  number =	 1,
  pages =	 145,
  year =	 2012,
  publisher =	 {BioMed Central Ltd}
}

@article{hoefling2010path,
  TITLE =	 {A path algorithm for the fused lasso signal
                  approximator},
  AUTHOR =	 {Hoefling, H.},
  Journal =	 {J. Comput. Graph. Statist.},
  FJournal =	 {Journal of Computational and Graphical Statistics},
  VOLUME =	 19,
  NUMBER =	 4,
  PAGES =	 {984--1006},
  YEAR =	 2010,
  publisher =	 {ASA}
}

@article{hsieh2014quic,
  title =	 {QUIC: quadratic approximation for sparse inverse
                  covariance estimation},
  author =	 {Hsieh, C.-J. and Sustik, M.A. and Dhillon, I.S. and
                  Ravikumar, P.},
  JOURNAL =	 {J. Mach. Learn. Res.},
  FJOURNAL =	 {The Journal of Machine Learning Research},
  volume =	 15,
  number =	 1,
  pages =	 {2911--2947},
  year =	 2014,
  publisher =	 {JMLR. org}
}

@article{huang2011sparse,
  title =	 {The sparse {L}aplacian shrinkage estimator for
                  high-dimensional regression},
  author =	 {Huang, J. and Ma, S. and Li, H. and Zhang, C.-H.},
  JOURNAL =	 {Ann. Stat.},
  FJOURNAL =	 {The Annals of Statistics},
  volume =	 39,
  number =	 4,
  pages =	 2021,
  year =	 2011,
}

@inproceedings{jacob2009group,
  title =	 {Group lasso with overlap and graph lasso},
  author =	 {Jacob, L. and Obozinski, G. and Vert, J.-P.},
  booktitle =	 {Proceedings of the 26th annual international
                  conference on machine learning},
  pages =	 {433--440},
  year =	 2009,
  organization = {ACM}
}

@article{jacob2012more,
  title =	 {More power via graph-structured tests for
                  differential expression of gene networks},
  author =	 {Jacob, L. and Neuvial, P. and Dudoit, S.},
  JOURNAL =	 {Ann. Appl. Stat.},
  FJOURNAL =	 {The Annals of Applied Statistics},
  volume =	 6,
  number =	 2,
  pages =	 {561--600},
  year =	 2012,
  publisher =	 {Institute of Mathematical Statistics}
}

@article{javanmard2014confidence,
  title =	 {Confidence intervals and hypothesis testing for
                  high-dimensional regression},
  author =	 {Javanmard, A. and Montanari, A.},
  JOURNAL =	 {J. Mach. Learn. Res.},
  FJOURNAL =	 {The Journal of Machine Learning Research},
  volume =	 15,
  number =	 1,
  pages =	 {2869--2909},
  year =	 2014,
  publisher =	 {JMLR. org}
}

@article{jenatton2011structured,
  title =	 {Structured variable selection with sparsity-inducing
                  norms},
  author =	 {Jenatton, R. and Audibert, J.-Y. and Bach, F.},
  JOURNAL =	 {J. Mach. Learn. Res.},
  FJOURNAL =	 {The Journal of Machine Learning Research},
  volume =	 12,
  pages =	 {2777--2824},
  year =	 2011,
  publisher =	 {JMLR. org}
}

@article{jolliffe2003modified,
  title =	 {A modified principal component technique based on
                  the LASSO},
  author =	 {Jolliffe, I.T. and Trendafilov, N.T. and Uddin, M.},
  JOURNAL =	 {J. Comput. Graph. Statist.},
  FJOURNAL =	 {Journal of Computational and Graphical Statistics},
  volume =	 12,
  number =	 3,
  pages =	 {531--547},
  year =	 2003,
  publisher =	 {Taylor \& Francis}
}

@article{jordan2013statistics,
  title =	 {On statistics, computation and scalability},
  author =	 {Jordan, M. I},
  journal =	 {Bernoulli},
  volume =	 19,
  number =	 4,
  pages =	 {1378--1390},
  year =	 2013,
  publisher =	 {Bernoulli Society for Mathematical Statistics and
                  Probability}
}

@article{katenka2012inference,
  title =	 {Inference and characterization of multi-attribute
                  networks with application to computational biology},
  author =	 {Katenka, N. and Kolaczyk, E.D.},
  JOURNAL =	 {Ann. Appl. Stat.},
  FJOURNAL =	 {The Annals of Applied Statistics},
  volume =	 6,
  number =	 3,
  pages =	 {1068--1094},
  year =	 2012,
  publisher =	 {Institute of Mathematical Statistics}
}

@article{khare2014convex,
  title =	 {A convex pseudo-likelihood framework for high
                  dimensional partial correlation estimation with
                  convergence guarantees},
  author =	 {Khare, K. and Oh, S.-Y. and Rajaratnam, B.},
  JOURNAL =	 {J. R. Statist. Soc. B},
  FJOURNAL =	 {Journal of the Royal Statistical Society: Series B},
  year =	 2014,
  publisher =	 {Wiley Online Library}
}

@article{kolar2014graph,
  title =	 {Graph estimation from multi-attribute data},
  author =	 {Kolar, M. and Liu, H. and Xing, E.P.},
  JOURNAL =	 {J. Mach. Learn. Res.},
  FJOURNAL =	 {The Journal of Machine Learning Research},
  volume =	 15,
  number =	 1,
  pages =	 {1713--1750},
  year =	 2014,
  publisher =	 {JMLR. org}
} PUBLISHER =	 {The Clarendon Press Oxford University Press},
  ISBN =	 {0-19-852219-3},

@article{kowalski2009sparse,
  title =	 {Sparse regression using mixed norms},
  author =	 {Kowalski, M.},
  journal =	 {Applied and Computational Harmonic Analysis},
  volume =	 27,
  number =	 3,
  pages =	 {303--324},
  year =	 2009,
  publisher =	 {Elsevier}
}

@article{lacoste2012block,
  title =	 {Block-coordinate {Frank-Wolfe} optimization for
                  structural {SVMs}},
  author =	 {Lacoste-Julien, S. and Jaggi, M. and Schmidt, M. and
                  Pletscher, P.},
  journal =	 {arXiv preprint arXiv:1207.4747},
  year =	 2012
}

@phdthesis{latouche:tel-00623088,
  TITLE =	 {{Random graph models with latent structures for
                  network analysis}},
  AUTHOR =	 {Latouche, P.},
  URL =		 {https://tel.archives-ouvertes.fr/tel-00623088},
  SCHOOL =	 {{Universit{\'e} d'Evry-Val d'Essonne}},
  YEAR =	 2010,
  MONTH =	 Dec,
  KEYWORDS =	 {Networks ; random graphs ; mixture models ; model
                  selection ; {B}ayesian analysis ; variational
                  approximation ; overlapping classes ; R{\'e}seaux ;
                  graphes al{\'e}atoires ; mod{\`e}les de
                  m{\'e}lange ; s{\'e}lection de mod{\`e}les ;
                  approches Bay{\'e}siennes ; approxiations
                  variationnelles ; classes chevauchantes},
  TYPE =	 {Theses},
  HAL_ID =	 {tel-00623088},
  HAL_VERSION =	 {v1},
}

@article{li2008network,
  title =	 {Network-constrained regularization and variable
                  selection for analysis of genomic data},
  author =	 {Li, C. and Li, H.},
  journal =	 {Bioinformatics},
  volume =	 24,
  number =	 9,
  pages =	 {1175--1182},
  year =	 2008,
  publisher =	 {Oxford Univ Press}
}

@article{li2010learning,
  title =	 {Learning "graph-mer" motifs that predict gene
                  expression trajectories in development},
  author =	 {Li, X. and Panea, C. and Wiggins, C.H.  and Reinke,
                  V. and Leslie, C.},
  journal =	 {PLoS Comput. Biol.},
  fjournal =	 {PLoS computational biology},
  volume =	 6,
  number =	 4,
  pages =	 {e1000761},
  year =	 2010,
  publisher =	 {Public Library of Science}
}

@article{lieberman2009comprehensive,
  title =	 {Comprehensive mapping of long-range interactions
                  reveals folding principles of the human genome},
  author =	 {Lieberman-Aiden, E. and {v}an Berkum, N.L. and
                  Williams, L. and Imakaev, M. and Ragoczy,
                  T. and Telling, A. and Amit, I. and Lajoie,
                  B.R. and Sabo, P.J. and Dorschner, M.O.},
  journal =	 {Science},
  volume =	 326,
  number =	 5950,
  pages =	 {289--293},
  year =	 2009,
  publisher =	 {American Association for the Advancement of Science}
}

@article{liu2009nonparanormal,
  title =	 {The nonparanormal: Semiparametric estimation of high
                  dimensional undirected graphs},
  author =	 {Liu, H. and Lafferty, J. and Wasserman, L.},
  JOURNAL =	 {J. Mach. Learn. Res.},
  FJOURNAL =	 {The Journal of Machine Learning Research},
  volume =	 10,
  pages =	 {2295--2328},
  year =	 2009,
  publisher =	 {JMLR. org}
}

@inproceedings{liu2010stability,
  title =	 {Stability approach to regularization selection
                  (stars) for high dimensional graphical models},
  author =	 {Liu, H. and Roeder, K. and Wasserman, L.},
  booktitle =	 {Advances in neural information processing systems (NIPS)},
  pages =	 {1432--1440},
  year =	 2010
}

@article{lockhart2014significance,
  title =	 {A significance test for the lasso},
  author =	 {Lockhart, R. and Taylor, J. and
                  Tibshirani, R.J. and Tibshirani, R.},
  FJournal =	 {The Annals of Statistics},
  Journal =	 {Ann. Statist.},
  volume =	 42,
  number =	 2,
  pages =	 413,
  year =	 2014,
}

@article{marbach2012wisdom,
  title =	 {Wisdom of crowds for robust gene network inference},
  author =	 {Marbach, D. and Costello, J.C. and K{\"u}ffner,
                  R. and Vega, N.M. and Prill, R.J. and Camacho,
                  D.M. and Allison, K.R.  and Kellis, M. and Collins,
                  J.J. and Stolovitzky, G.},
  journal =	 {Nature methods},
  volume =	 9,
  number =	 8,
  pages =	 {796--804},
  year =	 2012,
  publisher =	 {Nature Publishing Group}
}

@article{mariadassou2010uncovering,
  title =	 {Uncovering latent structure in valued graphs: a
                  variational approach},
  author =	 {Mariadassou, M.and Robin, S. and Vacher, C.},
  JOURNAL =	 {Ann. Appl. Stat.},
  FJOURNAL =	 {The Annals of Applied Statistics},
  pages =	 {715--742},
  year =	 2010,
  publisher =	 {JSTOR}
}

@article{mazumder2012graphical,
  title =	 {The graphical lasso: New insights and alternatives},
  author =	 {Mazumder, R. and Hastie, T.},
  journal =	 {Electronic journal of statistics},
  volume =	 6,
  pages =	 2125,
  publisher =	 {NIH Public Access}
}

@Manual{motifdb,
  title =	 {MotifDb: An Annotated Collection of Protein-DNA
                  Binding Sequence Motifs},
  author =	 {Shannon, P.},
  year =	 2013,
  note =	 {R package version 1.4.0},
}

@inproceedings{moulines2011non,
  title =	 {Non-asymptotic analysis of stochastic approximation
                  algorithms for machine learning},
  author =	 {Moulines, E. and Bach, F.},
  booktitle =	 {Advances in Neural Information Processing Systems (NIPS)},
  pages =	 {451--459},
  year =	 2011
}

@inproceedings{negahban2009unified,
  title =	 {A unified framework for high-dimensional analysis of
                  $ M $-estimators with decomposable regularizers},
  author =	 {Negahban, S. and Yu, B. and Wainwright, M. and
                  Ravikumar, P.},
  booktitle =	 {Advances in Neural Information Processing Systems (NIPS)},
  pages =	 {1348--1356},
  year =	 2009
}

@article{nesterov2005smooth,
  title =	 {Smooth minimization of non-smooth functions},
  author =	 {Nesterov, Y.},
  journal =	 {Mathematical programming},
  volume =	 103,
  number =	 1,
  pages =	 {127--152},
  year =	 2005,
  publisher =	 {Springer}
}

@article{nesterov2012subgradient,
  title =	 {Subgradient methods for huge-scale optimization
                  problems},
  author =	 {Nesterov, Y.},
  journal =	 {Mathematical Programming},
  pages =	 {1--23},
  publisher =	 {Springer}
}

@article{paul2008preconditioning,
  title={Preconditioning for feature selection and regression in high-dimensional problems},
  author={Paul, D. and Bair, E. and Hastie, T. and Tibshirani, R.},
  FJournal =	 {The Annals of Statistics},
  Journal =	 {Ann. Statist.},
  pages={1595--1618},
  year={2008},
  publisher={JSTOR}
}

@article{phylo_data,
  AUTHOR =	 {Vetrovsky, T. and Baldrian, P.},
  Journal =	 {PLoS ONE},
  TITLE =	 {The Variability of the 16S rRNA Gene in Bacterial
                  Genomes and Its Consequences for Bacterial Community
                  Analyses},
  YEAR =	 2013,
  VOLUME =	 8,
  PAGES =	 {e57923},
  NUMBER =	 2,
  doi =		 {10.1371/Journal.pone.0057923}
}

@article{radchenko2014consistent,
  title =	 {Consistent clustering using $\ell_1$ fusion penalty},
  author =	 {Radchenko, P. and Mukherjee, G.},
  journal =	 {arXiv preprint arXiv:1412.0753},
  year =	 2014
}

@article{rapaport2007classification,
  title =	 {Classification of microarray data using gene
                  networks},
  author =	 {Rapaport, F. and Zinovyev, A. and Dutreix,
                  M. and Barillot, E. and Vert,
                  J.-P.},
  journal =	 {BMC bioinformatics},
  volume =	 8,
  number =	 1,
  pages =	 35,
  year =	 2007,
  publisher =	 {BioMed Central Ltd}
}

@article{rau2012reverse,
  title =	 {Reverse engineering gene regulatory networks using
                  approximate {B}ayesian computation},
  author =	 {Rau, A. and Jaffr{\'e}zic, F. and Foulley,
                  J.-L. and Doerge, R.W.},
  journal =	 {Statistics and Computing},
  volume =	 22,
  number =	 6,
  pages =	 {1257--1271},
  year =	 2012,
  publisher =	 {Springer}
}

@article{reinhold2012cellminer,
  title =	 {CellMiner: a web-based suite of genomic and
                  pharmacologic tools to explore transcript and drug
                  patterns in the NCI-60 cell line set},
  author =	 {Reinhold, W.C. and Sunshine, M. and Liu,
                  H. and Varma, S. and Kohn, K.W. and
                  Morris, J. and Doroshow, J. and Pommier, Y.},
  journal =	 {Cancer research},
  volume =	 72,
  number =	 14,
  pages =	 {3499--3511},
  year =	 2012,
  publisher =	 {AACR}
}

@book{scholkopf2004kernel,
  title =	 {Kernel methods in computational biology},
  author =	 {Sch{\"o}lkopf, B. and Tsuda, K. and Vert,
                  J.-P.},
  year =	 2004
}

@Article{schwaller2015tree,
  author =	 {Schwaller, L. and Robin, S. and Stumpf, M.},
  title =	 {{B}ayesian Inference of Graphical Model Structures
                  Using Trees},
  journal =	 {arXiv preprint arXiv:1504.02723},
  year =	 2015,
}

@article{simon2013sparse,
  title =	 {A sparse-group lasso},
  author =	 {Simon, N. and Friedman, J. and Hastie, T.  and
                  Tibshirani, R.},
  JOURNAL =	 {J. Comput. Graph. Statist.},
  FJOURNAL =	 {Journal of Computational and Graphical Statistics},
  volume =	 22,
  number =	 2,
  pages =	 {231--245},
  year =	 2013,
  publisher =	 {Taylor \& Francis}
}

@article{sun2012scaled,
  title =	 {Scaled sparse linear regression},
  author =	 {Sun, T. and Zhang, C.-H.},
  journal =	 {Biometrika},
  pages =	 {ass043},
  year =	 2012,
  publisher =	 {Biometrika Trust}
}

@article{sun2013sparse,
  title =	 {Sparse matrix inversion with scaled lasso},
  author =	 {Sun, T. and Zhang, C.-H.},
  JOURNAL =	 {J. Mach. Learn. Res.},
  FJOURNAL =	 {The Journal of Machine Learning Research},
  volume =	 14,
  number =	 1,
  pages =	 {3385--3418},
  year =	 2013,
  publisher =	 {JMLR. org}
}

@article{suninferring,
  title =	 {Inferring Block Structure of Graphical Models in
                  Exponential Families},
  author =	 {Sun, S. and Wang, H. and Xu, J.}
}

@article{tan2014learning,
  title =	 {Learning graphical models with hubs},
  author =	 {Tan, K.M. and London, P. and Mohan, K.  and Lee,
                  S.-I. and Fazel, M. and Witten, D.},
  JOURNAL =	 {J. Mach. Learn. Res.},
  FJOURNAL =	 {The Journal of Machine Learning Research},
  volume =	 15,
  number =	 1,
  pages =	 {3297--3331},
  year =	 2014,
  publisher =	 {JMLR. org}
}

@article{tibshirani2012strong,
  title =	 {Strong rules for discarding predictors in lasso-type
                  problems},
  author =	 {Tibshirani, R. and Bien, J. and Friedman,
                  J. and Hastie, T. and Simon, N. and
                  Taylor, J. and Tibshirani, R.J.},
  JOURNAL =	 {J. R. Statist. Soc. B},
  FJOURNAL =	 {Journal of the Royal Statistical Society: Series B},
  volume =	 74,
  number =	 2,
  pages =	 {245--266},
  year =	 2012,
  publisher =	 {Wiley Online Library}
}

@article{viallon:hal-00813281,
  TITLE =	 {{On the robustness of the Generalized Fused Lasso to
                  prior specifications}},
  AUTHOR =	 {Viallon, V. and Lambert-Lacroix, S. and H{\"o}fling,
                  H. and Picard, F.},
  YEAR =	 {to appear},
  Journal =	 {Statist. and Comput.},
  FJournal =	 {Statistics and Computing},
}

@article{villavialaneix_etal_QTQM2014,
  title =	 {Inferring networks from multiple samples with
                  concensus {LASSO}},
  author =	 {Villa-Vialaneix, N. and Vignes, M. and Viguerie,
                  N. and San Cristobal, M.},
  journal =	 {Quality Technology and Quantitative Management},
  year =	 2014,
  number =	 1,
  pages =	 {39-60},
  volume =	 11,
}

@article{vogt2012complete,
  title =	 {A Complete Analysis of the l\_1, p Group-Lasso},
  author =	 {Vogt, J. and Roth, V.},
  journal =	 {arXiv preprint arXiv:1206.4632},
  year =	 2012
}

@inproceedings{wang2013lasso,
  title =	 {Lasso screening rules via dual polytope projection},
  author =	 {Wang, J. and Zhou, J. and Wonka, P. and Ye, J.},
  booktitle =	 {Advances in Neural Information Processing Systems (NIPS)},
  pages =	 {1070--1078},
  year =	 2013
}

@inproceedings{wauthier2013comparative,
  title={A comparative framework for preconditioned lasso algorithms},
  author={Wauthier, F. L and Jojic, N. and Jordan, M.I.},
  booktitle={Advances in Neural Information Processing Systems (NIPS)},
  pages={1061--1069},
  year={2013}
}

@book{whittaker1990graphical,
  title =	 {Graphical models in applied multivariate statistics},
  author =	 {Whittaker, J.},
  isbn =	 9780471917502,
  lccn =	 89022679,
  series =	 {Wiley series in probability and mathematical
                  statistics: Probability and mathematical statistics},
  year =	 1990,
  publisher =	 {Wiley}
}

@article{witten2009penalized,
  title =	 {A penalized matrix decomposition, with applications
                  to sparse principal components and canonical
                  correlation analysis},
  author =	 {Witten, D.M. and Tibshirani, R. and Hastie, T.},
  journal =	 {Biostatistics},
  pages =	 {kxp008},
  year =	 2009,
  publisher =	 {Biometrika Trust}
}

@article{witten2011new,
  title =	 {New insights and faster computations for the
                  graphical lasso},
  author =	 {Witten, D.M. and Friedman, J.H. and Simon, N.},
  JOURNAL =	 {J. Comput. Graph. Statist.},
  FJOURNAL =	 {Journal of Computational and Graphical Statistics},
  volume =	 20,
  number =	 4,
  pages =	 {892--900},
  year =	 2011,
  publisher =	 {Taylor \& Francis}
}

@article{witten2013randomized,
  title =	 {Randomized algorithms for low-rank matrix
                  factorizations: sharp performance bounds},
  author =	 {Witten, R. and Candes, E.},
  journal =	 {Algorithmica},
  pages =	 {1--18},
  year =	 2013,
  publisher =	 {Springer}
}

@article{xu2013outlier,
  title =	 {Outlier-robust pca: The high-dimensional case},
  author =	 {Xu, H. and Caramanis, C. and Mannor, S.},
  journal =	 {Information Theory, IEEE Transactions on},
  volume =	 59,
  number =	 1,
  pages =	 {546--572},
  year =	 2013,
  publisher =	 {IEEE}
}

@article{yamanishi2004protein,
  title =	 {Protein network inference from multiple genomic
                  data: a supervised approach},
  author =	 {Yamanishi, Y. and Vert, J.-P. and Kanehisa, M.},
  journal =	 {Bioinformatics},
  volume =	 20,
  number =	 {suppl 1},
  pages =	 {i363--i370},
  year =	 2004,
  publisher =	 {Oxford Univ Press}
}

@inproceedings{yang2013poisson,
  title =	 {On poisson graphical models},
  author =	 {Yang, E. and Ravikumar, P. and Allen, G.I. and Liu,
                  Z.},
  booktitle =	 {Advances in Neural Information Processing Systems (NIPS)},
  pages =	 {1718--1726},
  year =	 2013
}

@article{zou2006sparse,
  title =	 {Sparse principal component analysis},
  author =	 {Zou, H. and Hastie, T. and Tibshirani, R.},
  journal =	 {Journal of computational and graphical statistics},
  volume =	 15,
  number =	 2,
  pages =	 {265--286},
  year =	 2006,
  publisher =	 {Taylor \& Francis}
}
